1581 2844
227 215 283 250 Io

343 286 559 334 Suffectis
586 288 743 350 itaque
766 284 1050 333 Consulibus
1075 301 1133 331 ex
1159 284 1388 332 Kalendis
1407 285 1490 332 Ju-

212 375 291 423 liis
326 392 404 420 an.
448 372 566 438 756.
605 373 928 421 adcensendos
969 375 1022 420 P.
1081 371 1253 420 Silium
1284 410 1295 429 ‚
1336 385 1383 421 et
1419 376 1477 421 L.

214 460 468 508 Volusium
497 495 509 515 ,
564 460 792 507 discimus
845 478 869 506 a
926 460 1113 507 Gabino
1172 461 1479 524 fragmento:

207 548 290 594 sed
328 547 592 592 Saturnini
627 562 896 608 cognomen
931 545 988 591 L.
1044 546 1165 593 Silio
1223 544 1433 592 inditum
1464 583 1474 601 ,

210 637 438 683 marmori
476 631 762 696 pompeiano
797 631 1021 679 debemus
1052 651 1062 679 z

1097 805 1305 854 alterius
1340 807 1413 852 sle

206 889 378 937 Altera
407 891 565 956 poscit
601 906 738 955 opem
773 906 852 936 res
883 928 892 943 ‚
933 901 979 937 et
1015 893 1235 938 coniurat
1297 894 1474 939 amice.

344 1061 521 1107 Rursus
545 1098 554 1116 ‚
606 1060 736 1124 quod
773 1078 798 1107 e
835 1061 1032 1109 recitato
1057 1062 1320 1125 fragmento
1360 1080 1478 1109 con-

207 1161 297 1196 stet
326 1187 337 1205 ‚
393 1149 449 1194 P.
494 1150 665 1199 silium
704 1165 819 1195 cum
857 1147 1061 1196 Volusio
1100 1147 1322 1197 suffectos
1358 1149 1476 1195 fuis-

205 1254 252 1283 se.
289 1254 347 1282 ex
407 1234 512 1281 Kal.
569 1235 711 1282 Juliis
740 1270 751 1289 ‚
811 1251 1068 1282 monemur
1127 1238 1423 1301 apertissime
1454 1276 1463 1291 ,

205 1324 448 1370 Ministros
486 1325 726 1370 Fortunae
785 1320 1023 1384 Augustae
1082 1321 1324 1386 aliquanto
1361 1334 1469 1386 post

202 1410 441 1457 Kalendas
478 1411 628 1459 Julias
682 1411 825 1457 fuisse
860 1409 1070 1473 primum
1131 1409 1354 1473 Pompeis
1392 1410 1467 1455 in-

205 1496 413 1549 gtimtos.
475 1496 801 1554 Quadriennio
854 1514 965 1560 ergo
996 1531 1006 1540 .
1050 1507 1279 1558 quantum
1317 1495 1476 1540 hacte-

204 1600 293 1629 nus
330 1600 354 1627 e
409 1582 725 1629 marmoribus
778 1573 954 1629 eruitur
984 1620 996 1639 ‚
1037 1583 1238 1629 Ministri
1275 1581 1476 1645 Augusti

211 1681 439 1736 praeeunt
474 1669 707 1716 Ministris
744 1670 981 1716 Fortunae
1017 1670 1232 1734 Augusti.
1295 1664 1388 1716 Sed
1423 1668 1474 1714 in

204 1756 460 1820 scopulum
497 1755 759 1802 incidimus
792 1793 802 1810 ‚
865 1774 1042 1820 quem,
1102 1773 1192 1818 qua
1230 1754 1306 1801 via
1367 1771 1477 1800 eva-

205 1840 350 1898 dam,
406 1852 538 1888 certo
576 1858 672 1888 non
710 1841 871 1889 video.
911 1841 968 1886 ln
1008 1841 1278 1887 Comment.
1316 1843 1473 1906 priore

214 1928 255 1989 ᾗ.
305 1927 392 1976 ΙΙΙ.
435 1946 484 1976 n.
527 1928 568 1973 Ι.
607 1946 696 1993 pro
733 1946 859 1975 anno
899 1927 1012 1992 756.
1068 1945 1297 1992 nemoque
1335 1930 1466 1993 vulg.

202 2014 252 2060 3.
327 2013 618 2062 Consulibus
679 2014 751 2060 M.‘
811 2015 1011 2061 Servilio
1042 2052 1051 2068 ,
1113 2026 1159 2060 et
1216 2015 1273 2059 L.
1334 2014 1471 2061 Aelio

200 2097 403 2155 Lamia,
468 2100 531 2160 D.
586 2101 650 2147 V.
692 2100 731 2146 I.
787 2102 845 2148 D.
887 2103 1017 2149 fuere
1078 2100 1126 2147 Ρ.
1185 2102 1472 2149 Numistrius

201 2185 420 2243 Fronto,
479 2200 525 2234 et
571 2187 630 2246 Q.
669 2185 875 2235 Cotrius.
923 2188 1029 2246 .Qui
1089 2190 1267 2236 factum
1320 2208 1469 2253 ergo,

202 2286 253 2320 ut
288 2273 381 2320 hoc
421 2274 587 2321 eodem
624 2291 749 2320 anno
779 2309 792 2329 .,
830 2276 868 2320 si
923 2277 1150 2324 marmori
1208 2278 1319 2324 huie
1354 2278 1470 2325 fides

201 2356 452 2413 habenda,
494 2377 590 2407 non
631 2360 769 2408 iidem
818 2348 963 2409 [Diri
999 2363 1183 2410 cientur
1212 2402 1223 2422 ,
1285 2365 1367 2413 sed
1388 2382 1467 2413 eo—
