1581 2844
1295 286 1347 335 13

292 372 416 422 Min.
437 370 580 416 Fort.
615 365 742 434 Aug.
783 369 944 417 Alere.
980 369 1149 422 Maiae

540 454 608 501 D.
647 453 716 499 D.
757 454 894 500 iussu

428 536 501 584 M.
550 533 605 584 V
599 539 747 583 esoni.
788 535 1017 585 Marcelli

551 622 613 668 D.
656 621 715 668 V.
756 622 796 668 I.
837 623 881 669 D

209 708 278 757 M
315 705 586 757 LVCREti.
627 709 783 777 Epid.
824 709 1020 758 Flacci.
1071 710 1241 776 Praegf

568 797 864 844 CAESARIS

81 879 394 935 L.ALBVCI.
418 883 597 932 CELSI
617 883 678 932 D,
696 883 1002 932 LVCRETI.
1018 883 1341 934 VALENTIS

384 953 562 1020 fivffl.
601 966 665 1012 v.
705 970 767 1014 A.
807 967 860 1014 S.
904 970 961 1016 P.
1002 970 1040 1015 P

79 1052 124 1092 v.
157 1048 205 1091 c.
238 1048 333 1105 787.
366 1049 590 1092 PAVLLO.
624 1049 667 1087 L.
705 1047 1239 1092 VITELL10.COS.A.V.
1270 1049 1342 1106 34.

206 1204 284 1252 Ex
335 1208 584 1271 parietinis
636 1207 980 1272 Pompeiorum
1034 1207 1189 1253 titulis
1242 1208 1339 1257 duo

69 1289 309 1354 prodeunt
346 1292 565 1339 Lucretii
622 1291 849 1338 Valentes
885 1291 973 1338 sub
1010 1310 1107 1340 uno
1145 1292 1336 1341 Decimi

65 1377 376 1439 praenomine
402 1416 410 1433 ‚
451 1394 658 1441 quorum
697 1378 836 1425 Pater
862 1377 1000 1435 alter.)
1026 1378 1144 1425 alter
1181 1377 1332 1426 filius.

66 1460 138 1508 De
175 1461 314 1508 Patre
349 1464 453 1510 sie:

253 1631 442 1665 SATRIO.
472 1631 721 1665 LVCRETIO.
751 1632 811 1665 VA
823 1631 979 1664 LENTI.
1006 1630 1245 1665 MVNIFICO

64 1690 128 1729 IV.
149 1693 252 1728 SIBI.
266 1693 461 1728 LIBERIS.
480 1695 745 1731 FELICITER.
767 1695 870 1730 PRO.
888 1694 1131 1729 VALENTE.
1150 1695 1227 1728 Ex.
1244 1695 1340 1730 ROG

62 1845 112 1890 in
148 1861 243 1907 quo
277 1855 439 1890 notam
474 1842 767 1889 numeralem
813 1844 882 1889 IV
917 1844 979 1890 ad
1016 1840 1073 1889 τό
1110 1842 1335 1906 mang'sico

61 1932 217 1979 refero
241 1965 253 1986 ἦ
292 1930 348 1977 ad
389 1929 728 1977 insinuandum
752 1965 765 1987 .,
805 1948 1000 1977 munera
1037 1930 1098 1976 ab
1149 1948 1205 1978 eo
1240 1948 1332 1996 pro

59 2029 222 2082 quarta
262 2018 366 2066 viee
403 2017 626 2084 Pompeis
650 2017 773 2065 edita
809 2018 971 2067 suisse-
1006 2019 1075 2066 De
1110 2017 1211 2066 filio
1246 2017 1337 2064 hu*

60 2104 133 2157 jus
169 2104 286 2157 haec
314 2122 326 2158 ;
