1581 2844
231 205 260 251 8

230 306 423 338 necesse
459 293 655 341 omnino
692 293 785 342 fuit
813 332 821 350 ,
848 306 896 342 et
932 293 1175 341 conditam
1206 330 1220 353 ,
1258 302 1498 340 ornatam—

233 394 328 444 que
365 378 492 428 haud
526 380 757 430 credibile
793 393 864 428 est
909 380 992 428 diu
1028 381 1122 427 suis
1159 380 1362 427 caruisse
1405 382 1501 426 Mi·s

232 467 413 514 nistris.
471 466 573 516 Nec
611 469 732 515 male
770 487 874 515 suas
911 468 1071 514 inierit
1129 467 1332 514 rationes
1358 503 1371 521 ,
1412 468 1498 529 qui

231 553 536 600 intervallum
573 555 725 602 hocce
783 554 904 601 intra
940 554 1188 600 biennium
1243 552 1493 599 concluse*

232 638 311 685 rit.
377 638 627 685 Mimstros
665 639 847 688 idcirco
876 643 1056 705 prlmos
1093 648 1388 703 nuncupatos
1426 655 1502 682 ar—

240 722 398 771 bitror
428 758 441 781 ,
482 725 614 790 quod
649 724 709 772 ab
746 725 877 774 Aede
914 727 1062 790 posita
1102 727 1245 791 primi
1283 725 1503 771 onmium

231 814 564 876 processerint.
604 811 727 859 Nam
763 815 799 861 si
838 818 892 859 τθ
916 815 1063 879 primi
1119 813 1177 859 ad
1213 812 1456 876 dignitatis
1484 844 1495 865 .‹

232 917 329 946 non
351 901 579 964 temporis
617 900 864 957 ordinem,
904 913 1023 947 esset
1058 898 1376 956 referendum,
1406 898 1497 943 ium

233 988 535 1035 emersissent
591 986 813 1035 alicunde
841 987 1054 1034 Ministri
1087 982 1294 1032 secundi
1314 1023 1323 1038 ‚
1364 983 1498 1048 quod

236 1074 419 1121 factum
454 1089 699 1142 nunquam
753 1075 1057 1121 incurrimus,
1114 1073 1241 1130 Quin
1301 1072 1500 1136 posthac

236 1160 288 1207 hi
326 1161 469 1208 iidem
505 1161 713 1209 Ministri
750 1174 979 1226 perpetuo
995 1161 1212 1210 Ministri
1245 1155 1502 1205 Fortunae

231 1247 485 1312 Augustae
506 1246 931 1296 consalutabuntur
968 1247 1068 1292 sine
1106 1264 1164 1307 τῳ
1191 1248 1333 1308 primi
1366 1243 1502 1291 addi-

232 1347 456 1383 tamentO.
493 1334 677 1382 Verum
713 1335 829 1380 haec
870 1333 1067 1380 leviora.
1106 1333 1334 1379 Graviora
1397 1332 1499 1377 sine

231 1421 416 1478 dubio,
455 1438 576 1486 quae
611 1434 874 1486 sequuntur
896 1455 909 1477 .,
962 1420 1209 1484 nodosque
1267 1417 1498 1484 praebent

234 1508 426 1557 vindice
463 1507 654 1572 dignos.

364 1591 423 1638 P.
475 1590 630 1649 Silio,
670 1590 734 1639 L.
785 1588 989 1640 Volusio
1043 1589 1308 1638 Saturnino
1375 1588 1492 1636 Cos.

229 1676 362 1724 Nihil
401 1679 457 1726 P.
497 1677 610 1725 huic
658 1678 777 1724 Silio
814 1692 924 1725 cum
980 1676 1098 1724 Silio
1153 1676 1235 1722 illo
1295 1673 1450 1722 Nerva
1479 1709 1493 1730 .,

231 1779 377 1825 quem
434 1759 695 1808 Consulem
751 1756 1059 1824 Fastographi
1114 1760 1324 1806 referunt
1383 1777 1495 1806 cum

232 1848 297 1893 M.
338 1846 580 1912 Appuleio
615 1846 675 1892 ad
712 1863 792 1891 an.
828 1843 890 1889 V.
916 1842 970 1889 C.
994 1842 1105 1907 734.
1145 1843 1281 1890 Nih-il
1316 1844 1492 1892 iterum

231 1947 486 1977 commune
522 1928 579 1974 L.
624 1928 823 1975 Volusio
860 1928 1115 1976 Saturnino
1134 1944 1243 1974 cum
1262 1927 1352 1973 Cn.
1376 1928 1492 1976 Sen-

229 2016 298 2062 tio
336 2015 586 2062 Saturnino
613 2052 623 2069 ,
664 2014 775 2060 anni
800 2013 1021 2079 proxime
1060 2012 1351 2076 insequentis
1375 2031 1493 2061 con-

230 2103 328 2150 sule
361 2140 372 2157 ,
434 2102 509 2149 cui
549 2101 801 2149 Fastorum
838 2099 1090 2147 Curatores
1142 2100 1373 2164 collegam
1411 2099 1494 2146 ad-

228 2185 348 2232 dunt
399 2185 459 2243 Q.
516 2184 795 2231 Lucretium
850 2182 1195 2247 Vespillonem.
1252 2184 1368 2249 Biga
1406 2203 1495 2231 no-

228 2281 318 2315 stra
357 2268 618 2317 consularis
655 2264 905 2313 marmoris
941 2264 1292 2329 Pompeianiad
1316 2284 1494 2314 annum

225 2353 288 2399 V.
333 2353 388 2400 C.
432 2352 542 2421 7561
602 2351 804 2399 omnino
842 2349 1134 2407 reficienda,
1176 2351 1490 2417 eumdemque
