<?xml version="1.0" encoding="UTF-8"?>
<!DOCTYPE html PUBLIC "-//W3C//DTD XHTML 1.0 Transitional//EN"
    "http://www.w3.org/TR/xhtml1/DTD/xhtml1-transitional.dtd">
<html xmlns="http://www.w3.org/1999/xhtml" xml:lang="en" lang="en">
 <head>
  <title>
</title>
<meta http-equiv="Content-Type" content="text/html;charset=utf-8" />
  <meta name='ocr-system' content='tesseract 3.04.00' />
  <meta name='ocr-capabilities' content='ocr_page ocr_carea ocr_par ocr_line ocrx_word'/>
</head>
<body>
  <div class='ocr_page' id='page_1' title='image "./commentariumviid00guar_0013.png"; bbox 0 0 1581 2844; ppageno 0'>
   <div class='ocr_carea' id='block_1_1' title="bbox 60 292 1339 1979">
    <p class='ocr_par' dir='ltr' id='par_1_1' title="bbox 70 292 1339 1115">
     <span class='ocr_line' id='line_1_1' title="bbox 1277 292 1331 325; baseline 0.056 -3"><span class='ocrx_word' id='word_1_1' title='bbox 1277 292 1331 325; x_wconf 79' lang='lat'>11</span> 
     </span>
     <span class='ocr_line' id='line_1_2' title="bbox 70 357 1332 420; baseline -0.007 -6"><span class='ocrx_word' id='word_1_2' title='bbox 70 384 175 415; x_wconf 85' lang='lat' dir='ltr'>rum</span> <span class='ocrx_word' id='word_1_3' title='bbox 214 367 357 420; x_wconf 87' lang='lat' dir='ltr'>loeo,</span> <span class='ocrx_word' id='word_1_4' title='bbox 422 361 488 409; x_wconf 86' lang='grc' dir='ltr'>Μ.</span> <span class='ocrx_word' id='word_1_5' title='bbox 528 359 684 406; x_wconf 80' lang='lat' dir='ltr'>Staius</span> <span class='ocrx_word' id='word_1_6' title='bbox 722 359 871 406; x_wconf 83' lang='lat' dir='ltr'>Rufus</span> <span class='ocrx_word' id='word_1_7' title='bbox 897 397 906 415; x_wconf 79' lang='lat'><em>,</em></span> <span class='ocrx_word' id='word_1_8' title='bbox 947 373 993 408; x_wconf 84' lang='lat' dir='ltr'>et</span> <span class='ocrx_word' id='word_1_9' title='bbox 1030 357 1120 406; x_wconf 89' lang='lat' dir='ltr'>Cn.</span> <span class='ocrx_word' id='word_1_10' title='bbox 1168 359 1332 407; x_wconf 85' lang='lat' dir='ltr'>Melis-</span> 
     </span>
     <span class='ocr_line' id='line_1_3' title="bbox 73 433 1335 516; baseline -0.005 -15"><span class='ocrx_word' id='word_1_11' title='bbox 73 471 207 500; x_wconf 76' lang='lat' dir='ltr'>saeus</span> <span class='ocrx_word' id='word_1_12' title='bbox 244 448 419 516; x_wconf 75' lang='lat' dir='ltr'>Aper?</span> <span class='ocrx_word' id='word_1_13' title='bbox 456 447 533 494; x_wconf 87' lang='lat' dir='ltr'>An</span> <span class='ocrx_word' id='word_1_14' title='bbox 569 458 616 494; x_wconf 86' lang='lat' dir='ltr'>et</span> <span class='ocrx_word' id='word_1_15' title='bbox 664 447 971 510; x_wconf 80' lang='lat' dir='ltr'>Pompeianis</span> <span class='ocrx_word' id='word_1_16' title='bbox 1021 433 1187 497; x_wconf 68' lang='lat' dir='ltr'>ffvil&#39;is</span> <span class='ocrx_word' id='word_1_17' title='bbox 1232 444 1335 495; x_wconf 84' lang='lat' dir='ltr'>Nu-</span> 
     </span>
     <span class='ocr_line' id='line_1_4' title="bbox 73 533 1332 594; baseline -0.006 -6"><span class='ocrx_word' id='word_1_18' title='bbox 73 540 263 588; x_wconf 83' lang='lat' dir='ltr'>mistrio</span> <span class='ocrx_word' id='word_1_19' title='bbox 293 571 305 594; x_wconf 34' lang='grc' dir='ltr'>ᾖ</span> <span class='ocrx_word' id='word_1_20' title='bbox 344 547 390 583; x_wconf 87' lang='lat' dir='ltr'>et</span> <span class='ocrx_word' id='word_1_21' title='bbox 424 534 588 582; x_wconf 84' lang='lat' dir='ltr'>Cotrio</span> <span class='ocrx_word' id='word_1_22' title='bbox 626 534 689 581; x_wconf 85' lang='lat' dir='ltr'>ita</span> <span class='ocrx_word' id='word_1_23' title='bbox 747 533 934 581; x_wconf 82' lang='lat' dir='ltr'>suffecti</span> <span class='ocrx_word' id='word_1_24' title='bbox 972 534 1125 582; x_wconf 80' lang='lat' dir='ltr'>Staius</span> <span class='ocrx_word' id='word_1_25' title='bbox 1163 534 1332 591; x_wconf 88' lang='lat' dir='ltr'>Rufus,</span> 
     </span>
     <span class='ocr_line' id='line_1_5' title="bbox 76 617 1335 683; baseline -0.005 -9"><span class='ocrx_word' id='word_1_26' title='bbox 76 639 122 674; x_wconf 80' lang='lat' dir='ltr'>et</span> <span class='ocrx_word' id='word_1_27' title='bbox 157 623 424 672; x_wconf 85' lang='lat' dir='ltr'>Melissaeus</span> <span class='ocrx_word' id='word_1_28' title='bbox 460 617 630 683; x_wconf 79' lang='lat' dir='ltr'>Aper,</span> <span class='ocrx_word' id='word_1_29' title='bbox 694 631 746 667; x_wconf 86' lang='lat' dir='ltr'>ut</span> <span class='ocrx_word' id='word_1_30' title='bbox 804 620 982 666; x_wconf 79' lang='lat' dir='ltr'>Romae</span> <span class='ocrx_word' id='word_1_31' title='bbox 1041 619 1335 668; x_wconf 83' lang='lat' dir='ltr'>Consulibus</span> 
     </span>
     <span class='ocr_line' id='line_1_6' title="bbox 74 704 1336 762; baseline -0.006 -3"><span class='ocrx_word' id='word_1_32' title='bbox 74 709 277 760; x_wconf 79' lang='lat' dir='ltr'>Servilio</span> <span class='ocrx_word' id='word_1_33' title='bbox 301 739 314 762; x_wconf 64' lang='lat' dir='ltr'>o</span> <span class='ocrx_word' id='word_1_34' title='bbox 354 717 400 752; x_wconf 85' lang='lat' dir='ltr'>et</span> <span class='ocrx_word' id='word_1_35' title='bbox 438 706 628 753; x_wconf 80' lang='lat' dir='ltr'>Lamiae</span> <span class='ocrx_word' id='word_1_36' title='bbox 667 704 850 752; x_wconf 83' lang='lat' dir='ltr'>suffecti</span> <span class='ocrx_word' id='word_1_37' title='bbox 911 705 972 751; x_wconf 81' lang='lat' dir='ltr'>ad</span> <span class='ocrx_word' id='word_1_38' title='bbox 1029 705 1141 751; x_wconf 81' lang='lat' dir='ltr'><strong>Kal.</strong></span> <span class='ocrx_word' id='word_1_39' title='bbox 1184 705 1336 753; x_wconf 84' lang='lat' dir='ltr'>Julias</span> 
     </span>
     <span class='ocr_line' id='line_1_7' title="bbox 73 789 1333 848; baseline -0.006 -4"><span class='ocrx_word' id='word_1_40' title='bbox 73 797 206 844; x_wconf 77' lang='lat' dir='ltr'>Siiius</span> <span class='ocrx_word' id='word_1_41' title='bbox 229 830 238 848; x_wconf 88' lang='lat'>‚</span> <span class='ocrx_word' id='word_1_42' title='bbox 275 803 321 838; x_wconf 83' lang='lat' dir='ltr'>et</span> <span class='ocrx_word' id='word_1_43' title='bbox 357 789 631 837; x_wconf 82' lang='lat' dir='ltr'>Volusius?</span> <span class='ocrx_word' id='word_1_44' title='bbox 670 789 796 837; x_wconf 72' lang='lat' dir='ltr'>Haec</span> <span class='ocrx_word' id='word_1_45' title='bbox 836 808 926 835; x_wconf 83' lang='lat' dir='ltr'>una</span> <span class='ocrx_word' id='word_1_46' title='bbox 966 791 1085 837; x_wconf 80' lang='lat' dir='ltr'>mihi</span> <span class='ocrx_word' id='word_1_47' title='bbox 1121 790 1333 837; x_wconf 82' lang='lat' dir='ltr'>evaden-</span> 
     </span>
     <span class='ocr_line' id='line_1_8' title="bbox 71 876 1334 941; baseline -0.006 -11"><span class='ocrx_word' id='word_1_48' title='bbox 71 885 119 931; x_wconf 82' lang='lat' dir='ltr'>di</span> <span class='ocrx_word' id='word_1_49' title='bbox 162 881 233 929; x_wconf 87' lang='lat' dir='ltr'>via</span> <span class='ocrx_word' id='word_1_50' title='bbox 269 878 423 925; x_wconf 77' lang='lat' dir='ltr'>datur.</span> <span class='ocrx_word' id='word_1_51' title='bbox 465 877 616 941; x_wconf 85' lang='lat' dir='ltr'>quue</span> <span class='ocrx_word' id='word_1_52' title='bbox 652 894 713 923; x_wconf 80' lang='lat' dir='ltr'>ex</span> <span class='ocrx_word' id='word_1_53' title='bbox 750 893 806 923; x_wconf 90' lang='lat' dir='ltr'>eo</span> <span class='ocrx_word' id='word_1_54' title='bbox 842 876 894 922; x_wconf 84' lang='lat' dir='ltr'>fit</span> <span class='ocrx_word' id='word_1_55' title='bbox 954 877 1052 923; x_wconf 85' lang='lat' dir='ltr'>veri</span> <span class='ocrx_word' id='word_1_56' title='bbox 1089 876 1296 923; x_wconf 85' lang='lat' dir='ltr'>similius</span> <span class='ocrx_word' id='word_1_57' title='bbox 1322 912 1334 934; x_wconf 91' lang='lat'><strong><em>‚</em></strong></span> 
     </span>
     <span class='ocr_line' id='line_1_9' title="bbox 71 951 1339 1033; baseline -0.002 -18"><span class='ocrx_word' id='word_1_58' title='bbox 71 967 192 1033; x_wconf 86' lang='lat' dir='ltr'>quod</span> <span class='ocrx_word' id='word_1_59' title='bbox 229 981 355 1012; x_wconf 80' lang='lat' dir='ltr'>anno</span> <span class='ocrx_word' id='word_1_60' title='bbox 393 964 672 1030; x_wconf 77' lang='lat' dir='ltr'>insequente</span> <span class='ocrx_word' id='word_1_61' title='bbox 709 951 1015 1010; x_wconf 50' lang='lat' dir='ltr'>confivmaios</span> <span class='ocrx_word' id='word_1_62' title='bbox 1063 963 1113 1009; x_wconf 86' lang='lat' dir='ltr'>in</span> <span class='ocrx_word' id='word_1_63' title='bbox 1153 964 1339 1012; x_wconf 75' lang='lat' dir='ltr'>Duovi-</span> 
     </span>
     <span class='ocr_line' id='line_1_10' title="bbox 70 1051 1332 1115; baseline -0.002 -14"><span class='ocrx_word' id='word_1_64' title='bbox 70 1067 165 1102; x_wconf 84' lang='lat' dir='ltr'>ratu</span> <span class='ocrx_word' id='word_1_65' title='bbox 200 1051 399 1106; x_wconf 88' lang='lat' dir='ltr'>Rufum,</span> <span class='ocrx_word' id='word_1_66' title='bbox 438 1062 485 1098; x_wconf 86' lang='lat' dir='ltr'>et</span> <span class='ocrx_word' id='word_1_67' title='bbox 519 1055 703 1115; x_wconf 78' lang='lat' dir='ltr'>Aprum</span> <span class='ocrx_word' id='word_1_68' title='bbox 741 1068 878 1114; x_wconf 78' lang='lat' dir='ltr'>supra</span> <span class='ocrx_word' id='word_1_69' title='bbox 913 1051 1332 1115; x_wconf 75' lang='lat' dir='ltr'>deprehendimus.</span> 
     </span>
    </p>

    <p class='ocr_par' dir='ltr' id='par_1_2' title="bbox 60 1136 1337 1979">
     <span class='ocr_line' id='line_1_11' title="bbox 194 1136 1334 1202; baseline 0.002 -18"><span class='ocrx_word' id='word_1_70' title='bbox 194 1139 250 1184; x_wconf 90' lang='lat' dir='ltr'>In</span> <span class='ocrx_word' id='word_1_71' title='bbox 287 1137 469 1185; x_wconf 78' lang='lat' dir='ltr'>hiatum</span> <span class='ocrx_word' id='word_1_72' title='bbox 505 1148 614 1201; x_wconf 85' lang='lat' dir='ltr'>post</span> <span class='ocrx_word' id='word_1_73' title='bbox 648 1137 766 1183; x_wconf 83' lang='lat' dir='ltr'>haec</span> <span class='ocrx_word' id='word_1_74' title='bbox 819 1136 1133 1202; x_wconf 74' lang='lat' dir='ltr'>impingimus</span> <span class='ocrx_word' id='word_1_75' title='bbox 1162 1171 1175 1195; x_wconf 72' lang='grc'><em>,</em></span> <span class='ocrx_word' id='word_1_76' title='bbox 1239 1139 1334 1186; x_wconf 81' lang='lat' dir='ltr'>uti-</span> 
     </span>
     <span class='ocr_line' id='line_1_12' title="bbox 70 1221 1337 1290; baseline 0.001 -21"><span class='ocrx_word' id='word_1_77' title='bbox 70 1241 179 1270; x_wconf 84' lang='lat' dir='ltr'>nam</span> <span class='ocrx_word' id='word_1_78' title='bbox 212 1221 448 1270; x_wconf 85' lang='lat' dir='ltr'>beneficio</span> <span class='ocrx_word' id='word_1_79' title='bbox 484 1221 714 1285; x_wconf 84' lang='lat' dir='ltr'>temporis</span> <span class='ocrx_word' id='word_1_80' title='bbox 752 1221 827 1268; x_wconf 88' lang='lat' dir='ltr'>vel</span> <span class='ocrx_word' id='word_1_81' title='bbox 864 1236 924 1267; x_wconf 84' lang='lat' dir='ltr'>ex</span> <span class='ocrx_word' id='word_1_82' title='bbox 962 1234 1094 1286; x_wconf 82' lang='lat' dir='ltr'>parte</span> <span class='ocrx_word' id='word_1_83' title='bbox 1133 1222 1337 1290; x_wconf 79' lang='lat' dir='ltr'>implen-</span> 
     </span>
     <span class='ocr_line' id='line_1_13' title="bbox 69 1306 1333 1371; baseline -0.001 -16"><span class='ocrx_word' id='word_1_84' title='bbox 69 1308 222 1356; x_wconf 80' lang='lat' dir='ltr'>dum!</span> <span class='ocrx_word' id='word_1_85' title='bbox 261 1323 499 1354; x_wconf 74' lang='lat' dir='ltr'>annorum</span> <span class='ocrx_word' id='word_1_86' title='bbox 536 1307 788 1371; x_wconf 83' lang='lat' dir='ltr'>plusquam</span> <span class='ocrx_word' id='word_1_87' title='bbox 844 1306 1053 1371; x_wconf 81' lang='lat' dir='ltr'>triginta.</span> <span class='ocrx_word' id='word_1_88' title='bbox 1095 1308 1212 1356; x_wconf 85' lang='lat' dir='ltr'>Post</span> <span class='ocrx_word' id='word_1_89' title='bbox 1248 1327 1333 1356; x_wconf 83' lang='lat' dir='ltr'>an-</span> 
     </span>
     <span class='ocr_line' id='line_1_14' title="bbox 64 1390 1328 1459; baseline 0 -18"><span class='ocrx_word' id='word_1_90' title='bbox 64 1412 180 1441; x_wconf 89' lang='lat' dir='ltr'>num</span> <span class='ocrx_word' id='word_1_91' title='bbox 217 1392 457 1459; x_wconf 78' lang='lat' dir='ltr'>siquidem</span> <span class='ocrx_word' id='word_1_92' title='bbox 495 1390 611 1456; x_wconf 81' lang='lat'><strong>756.</strong></span> <span class='ocrx_word' id='word_1_93' title='bbox 652 1391 737 1440; x_wconf 83' lang='lat' dir='ltr'>vix</span> <span class='ocrx_word' id='word_1_94' title='bbox 773 1391 956 1457; x_wconf 85' lang='lat' dir='ltr'>lapides</span> <span class='ocrx_word' id='word_1_95' title='bbox 1008 1392 1127 1440; x_wconf 90' lang='lat' dir='ltr'>duos</span> <span class='ocrx_word' id='word_1_96' title='bbox 1181 1394 1328 1442; x_wconf 67' lang='lat' dir='ltr'>Mini-</span> 
     </span>
     <span class='ocr_line' id='line_1_15' title="bbox 63 1476 1330 1541; baseline 0.001 -15"><span class='ocrx_word' id='word_1_97' title='bbox 63 1492 270 1527; x_wconf 80' lang='lat' dir='ltr'>strorum</span> <span class='ocrx_word' id='word_1_98' title='bbox 302 1477 545 1526; x_wconf 85' lang='lat' dir='ltr'>Fortunae</span> <span class='ocrx_word' id='word_1_99' title='bbox 581 1478 818 1541; x_wconf 83' lang='lat' dir='ltr'>Augustae</span> <span class='ocrx_word' id='word_1_100' title='bbox 845 1476 1131 1526; x_wconf 87' lang='lat' dir='ltr'>offendimus</span> <span class='ocrx_word' id='word_1_101' title='bbox 1150 1479 1211 1527; x_wconf 80' lang='lat' dir='ltr'>ad</span> <span class='ocrx_word' id='word_1_102' title='bbox 1247 1497 1330 1528; x_wconf 85' lang='lat' dir='ltr'>an-</span> 
     </span>
     <span class='ocr_line' id='line_1_16' title="bbox 62 1564 1331 1634; baseline 0.002 -20"><span class='ocrx_word' id='word_1_103' title='bbox 62 1585 177 1614; x_wconf 89' lang='lat' dir='ltr'>num</span> <span class='ocrx_word' id='word_1_104' title='bbox 240 1565 354 1634; x_wconf 86' lang='lat'><strong>787.</strong></span> <span class='ocrx_word' id='word_1_105' title='bbox 408 1567 475 1613; x_wconf 88' lang='lat' dir='ltr'>V.</span> <span class='ocrx_word' id='word_1_106' title='bbox 517 1564 575 1612; x_wconf 86' lang='lat' dir='ltr'>C.</span> <span class='ocrx_word' id='word_1_107' title='bbox 632 1565 944 1622; x_wconf 63' lang='lat' dir='ltr'>1*efe1&#39;endOS‚</span> <span class='ocrx_word' id='word_1_108' title='bbox 1003 1566 1085 1614; x_wconf 88' lang='lat' dir='ltr'>sed</span> <span class='ocrx_word' id='word_1_109' title='bbox 1138 1568 1331 1618; x_wconf 86' lang='lat' dir='ltr'>mutilos</span> 
     </span>
     <span class='ocr_line' id='line_1_17' title="bbox 62 1650 1325 1718; baseline 0.002 -19"><span class='ocrx_word' id='word_1_110' title='bbox 62 1652 230 1701; x_wconf 80' lang='lat' dir='ltr'>ambos</span> <span class='ocrx_word' id='word_1_111' title='bbox 255 1687 268 1708; x_wconf 47' lang='grc' dir='ltr'><strong><em>η</em></strong></span> <span class='ocrx_word' id='word_1_112' title='bbox 306 1663 439 1718; x_wconf 86' lang='lat' dir='ltr'>parte</span> <span class='ocrx_word' id='word_1_113' title='bbox 476 1652 659 1699; x_wconf 84' lang='lat' dir='ltr'>inferna</span> <span class='ocrx_word' id='word_1_114' title='bbox 697 1650 846 1698; x_wconf 85' lang='lat' dir='ltr'>alium</span> <span class='ocrx_word' id='word_1_115' title='bbox 871 1685 884 1707; x_wconf 38' lang='grc' dir='ltr'>ἢ,</span> <span class='ocrx_word' id='word_1_116' title='bbox 922 1651 1068 1699; x_wconf 82' lang='lat' dir='ltr'>alium</span> <span class='ocrx_word' id='word_1_117' title='bbox 1104 1671 1325 1718; x_wconf 84' lang='lat' dir='ltr'>superna.</span> 
     </span>
     <span class='ocr_line' id='line_1_18' title="bbox 64 1735 1334 1804; baseline 0.004 -20"><span class='ocrx_word' id='word_1_118' title='bbox 64 1739 140 1786; x_wconf 81' lang='lat' dir='ltr'>Ex</span> <span class='ocrx_word' id='word_1_119' title='bbox 177 1755 273 1804; x_wconf 88' lang='lat' dir='ltr'>quo</span> <span class='ocrx_word' id='word_1_120' title='bbox 313 1737 487 1785; x_wconf 87' lang='lat' dir='ltr'>initum</span> <span class='ocrx_word' id='word_1_121' title='bbox 522 1735 781 1784; x_wconf 90' lang='lat' dir='ltr'>consilium</span> <span class='ocrx_word' id='word_1_122' title='bbox 831 1737 1034 1786; x_wconf 75' lang='lat' dir='ltr'>alterum</span> <span class='ocrx_word' id='word_1_123' title='bbox 1087 1754 1145 1785; x_wconf 84' lang='lat' dir='ltr'>ex</span> <span class='ocrx_word' id='word_1_124' title='bbox 1184 1739 1334 1790; x_wconf 82' lang='lat' dir='ltr'>altero</span> 
     </span>
     <span class='ocr_line' id='line_1_19' title="bbox 60 1821 1332 1890; baseline 0 -15"><span class='ocrx_word' id='word_1_125' title='bbox 60 1838 224 1874; x_wconf 82' lang='lat' dir='ltr'>mutua</span> <span class='ocrx_word' id='word_1_126' title='bbox 262 1842 352 1889; x_wconf 87' lang='lat' dir='ltr'>ope</span> <span class='ocrx_word' id='word_1_127' title='bbox 376 1822 676 1871; x_wconf 87' lang='lat' dir='ltr'>restituendi.</span> <span class='ocrx_word' id='word_1_128' title='bbox 720 1821 862 1882; x_wconf 89' lang='lat' dir='ltr'>Quod</span> <span class='ocrx_word' id='word_1_129' title='bbox 897 1840 957 1868; x_wconf 82' lang='lat' dir='ltr'>an</span> <span class='ocrx_word' id='word_1_130' title='bbox 993 1839 1052 1870; x_wconf 82' lang='lat' dir='ltr'>ex</span> <span class='ocrx_word' id='word_1_131' title='bbox 1088 1825 1332 1890; x_wconf 79' lang='lat' dir='ltr'>auspicato</span> 
     </span>
     <span class='ocr_line' id='line_1_20' title="bbox 61 1909 1178 1979; baseline -0.002 -18"><span class='ocrx_word' id='word_1_132' title='bbox 61 1911 386 1979; x_wconf 71' lang='lat' dir='ltr'>processerit,</span> <span class='ocrx_word' id='word_1_133' title='bbox 435 1909 732 1959; x_wconf 84' lang='lat' dir='ltr'>eruditorum</span> <span class='ocrx_word' id='word_1_134' title='bbox 790 1921 890 1958; x_wconf 87' lang='lat' dir='ltr'>esto</span> <span class='ocrx_word' id='word_1_135' title='bbox 924 1910 1178 1959; x_wconf 85' lang='lat' dir='ltr'>iudicium.</span> 
     </span>
    </p>
   </div>
  </div>
 </body>
</html>
