1581 2844
535 377 1181 427 CONCLVSIO.

360 549 564 616 Rogabit
599 570 725 599 nunc
782 554 889 616 quis
922 552 1145 606 fortasse;
1204 568 1300 598 non
1358 551 1486 598 enim

222 635 392 683 desunt
427 636 556 683 orbis
593 638 768 684 literati
830 638 976 683 Momi
1003 675 1015 694 ‚
1056 636 1139 700 qui
1199 637 1324 682 malo
1361 637 1487 700 reip.

225 734 412 769 nostrae
447 723 680 770 literariae
718 724 958 779 consilio,
1014 723 1193 769 famam
1253 722 1345 768 sibi
1400 740 1486 786 per

223 820 554 875 contemptum
589 810 797 857 alienum
857 810 908 855 in
944 810 1104 856 diariis
1157 809 1366 875 publicis
1403 827 1488 856 au-

221 900 387 965 cupari
425 899 650 946 student:
692 900 832 943 eccui
866 895 986 942 bono
1025 899 1140 944 haec
1178 908 1308 944 tanto
1345 896 1479 942 labo-

227 1003 276 1032 re
304 1020 316 1039 .‚
354 984 612 1048 studioque
639 983 903 1046 conquisita
930 982 952 1028 ’.Ρ
991 980 1078 1028 Cui
1116 983 1295 1046 paucis.
1323 980 1479 1035 Nulli,

226 1072 264 1117 si
299 1071 358 1116 de
383 1069 630 1134 pecuniae„
653 1085 877 1115 censusvc
913 1068 1182 1115 accessione
1221 1083 1377 1113 sermo
1405 1065 1487 1110 sit.

225 1156 327 1204 Nec
364 1156 493 1203 enim
519 1155 760 1201 literarum
795 1156 1140 1220 professionem
1172 1166 1490 1199 mercaturam

226 1243 485 1307 aliquando
546 1242 789 1289 duximus.
830 1244 892 1288 At
929 1254 1143 1289 veterum
1178 1251 1491 1287 monumenta

227 1331 407 1396 generis
459 1331 786 1393 cuiuscunque
822 1341 948 1376 recte
1004 1328 1338 1391 interpretari,
1401 1345 1490 1391 op-

225 1427 524 1481 portuneque
562 1433 801 1479 exponere
833 1452 842 1466 ,
893 1413 1051 1477 magni
1104 1414 1258 1460 fecere
1297 1429 1482 1474 semper

227 1502 331 1549 veri
366 1501 575 1548 nominis
629 1500 881 1565 sapientes.
918 1498 1070 1545 Veros
1107 1510 1267 1543 autem
1304 1498 1491 1562 sapien-

224 1598 294 1633 tes
351 1586 662 1650 intelligimus
686 1620 698 1641 ,
754 1602 850 1630 non
906 1585 988 1647 qui
1047 1584 1280 1630 librorum
1331 1582 1489 1629 edocti

224 1673 387 1721 titulos
422 1673 472 1719 in
508 1674 721 1738 ipsorum
759 1671 1000 1718 indicibus
1058 1671 1361 1718 corradendis
1399 1671 1489 1718 toti

229 1770 337 1805 sunt
367 1777 377 1815 ;
433 1759 484 1804 in
520 1758 678 1805 obviis
705 1796 716 1815 ‚
757 1758 1106 1820 doctorunulue
1149 1758 1288 1822 vulgo
1325 1758 1446 1803 notis
1472 1792 1488 1815 .,

224 1845 493 1893 doctissimi
523 1882 532 1900 ‚
595 1846 870 1909 vulgarique
907 1843 1171 1890 eruditione
1220 1854 1441 1890 necantes
1471 1861 1482 1898 ;

225 1948 274 1977 m
310 1929 472 1994 paullo
507 1929 903 1985 abstrusioribus,
928 1931 1194 1978 novitatem
1232 1930 1487 1994 praecipue

223 2015 431 2079 aliquam
468 2034 578 2081 prae
615 2033 663 2062 se
698 2016 959 2062 ferentibus
990 2053 1001 2071 ‚
1056 2016 1399 2079 superciliosi,
1439 2026 1487 2062 et

224 2101 375 2148 veluti
410 2118 435 2146 a
490 2100 650 2148 Bonae
686 2101 810 2147 Deae
858 2100 999 2147 sacris
1057 2111 1276 2148 caventes
1304 2136 1318 2158 ,
1375 2117 1488 2164 spu-

224 2186 325 2243 riis,
362 2185 637 2250 fictitiisque
673 2186 814 2251 proni
849 2186 1118 2233 adiudicare
1147 2204 1156 2231 :
1197 2185 1279 2231 sed
1298 2184 1382 2249 qui
1407 2203 1489 2230 an—

224 2274 477 2335 tiquorum
533 2273 887 2337 exemplaribus
924 2273 1144 2320 insudare
1181 2273 1266 2319 diu
1317 2284 1491 2320 noctu-

226 2376 322 2423 que
361 2358 580 2413 adsueti,
623 2376 791 2406 verum
828 2377 853 2406 a
890 2359 1007 2405 falso
1032 2396 1043 2414 ‚
1082 2358 1285 2405 dubium
1322 2377 1346 2402 a
1385 2376 1488 2404 ccr—

223 2456 273 2493 tO
323 2462 565 2496 secernere
587 2482 600 2507 ,
638 2445 796 2493 lucem
831 2447 1043 2495 obscuris
1062 2446 1267 2505 inferre,
1306 2463 1488 2492 novum
