1581 2844
1303 234 1364 281 25

103 351 156 386 ut
191 336 249 384 ad
283 347 452 381 annum
491 325 604 391 725.
644 324 779 372 illum
814 325 936 371 inter
973 321 1256 371 Consulares
1294 338 1365 367 re-

105 417 358 471 censeret?
429 410 508 460 Sic
565 412 662 458 fere
694 447 704 467 ‚
775 419 822 455 et
881 405 1080 471 quidem
1136 403 1362 468 Apolline

103 504 271 550 dextro
301 537 311 554 ‚
343 494 626 558 Burghesius
661 504 837 540 noster.

235 585 481 631 Caeterum
513 578 574 625 ad
612 595 697 625 nos
733 578 866 642 quod
923 577 1090 624 attinet
1118 613 1127 631 ‚
1175 574 1319 622 fuerit
1345 608 1360 632 .,

102 680 250 717 necne
280 669 298 721 ,’
329 680 489 711 revera
529 661 709 709 Consul
745 659 943 709 Cluvius
982 660 1088 713 istem,
1111 658 1233 704 nihil
1252 675 1356 705 om-

102 757 211 805 nino
237 789 246 806 ‚
284 749 324 795 si
358 764 535 796 nomen
571 746 802 809 excipias,
840 744 913 791 illi
950 759 1207 792 commune
1248 759 1360 789 cum

103 837 271 889 Cluvio
329 836 581 882 marmoris
619 832 922 897 Pompeiani.
982 830 1037 876 In
1071 831 1166 878 hoc
1203 829 1359 895 siqui—

99 922 201 969 dem
232 936 305 966 res
343 929 413 964 est
449 935 561 965 cum
612 916 854 964 Ministrc's
889 915 1146 962 Fortunae
1183 915 1361 980 Augu-

95 1017 211 1062 stae7
249 1020 368 1068 quos
405 1003 644 1050 institutos
681 1002 902 1067 primitus
925 1001 1067 1048 fuisse
1102 1001 1161 1049 ad
1179 1019 1357 1051 annum

94 1090 152 1136 V.
193 1089 249 1136 C.
294 1087 411 1152 756.
456 1089 552 1135 iam
587 1105 726 1152 supra
786 1088 1053 1136 luculenter
1112 1100 1356 1136 ostensum

91 1185 175 1220 est.
216 1172 407 1219 Rectius
446 1173 590 1235 igitur
628 1170 852 1219 Cluvium
901 1172 1029 1221 hunc
1090 1172 1354 1226 Consulem

82 1256 208 1303 tituli
260 1255 540 1320 Pompeiani
574 1273 674 1303 non
715 1256 888 1302 Caium
913 1257 1053 1304 illum
1089 1261 1352 1324 acceperis,

77 1342 137 1389 de
173 1358 270 1404 quo
307 1342 535 1393 hactenus
562 1380 571 1398 ‚
599 1343 680 1390 sed
719 1343 940 1389 illamam
977 1343 1135 1407 potius
1173 1362 1353 1409 cogno-

80 1436 243 1472 mento
304 1423 495 1490 lefum
523 1458 536 1480 a
575 1428 659 1490 qui
696 1426 755 1472 ad
791 1444 967 1474 annum
1001 1427 1062 1474 V.
1103 1427 1160 1473 C.
1203 1431 1344 1496 798„

85 1527 311 1573 aeraeque
364 1509 661 1557 Christianae
701 1510 782 1570 45,
845 1511 1042 1560 Vinicio
1111 1513 1346 1574 Quartino

85 1595 150 1642 Il.
206 1594 313 1641 Kal.
353 1594 464 1641 Iulii
501 1597 742 1662 sufflfcczcs
769 1607 853 1642 est.
893 1594 1025 1652 Quae
1062 1598 1101 1642 si
1139 1599 1200 1644 ita
1241 1600 1351 1656 sint,

87 1679 316 1727 delendus
354 1698 412 1727 ex
448 1681 800 1728 Almelovecnii
881 1679 1033 1728 Fastis
1094 1683 1352 1750 Pompeius

87 1765 308 1814 Silvanus
343 1764 463 1811 male
501 1764 565 1811 M.
607 1765 779 1812 Cluvio
834 1764 1025 1813 adsutus
1056 1802 1068 1821 ἦ
1125 1766 1174 1813 in
1232 1767 1357 1814 eius-

88 1866 181 1912 que
237 1847 400 1894 locum
451 1847 762 1894 collocandus
824 1847 879 1894 P.
943 1849 1159 1898 Clodius.
1202 1850 1262 1897 Et
1295 1853 1355 1901 de

88 1933 146 1979 P.
187 1933 395 1998 quodam
451 1931 624 1979 Clodio
661 1933 776 1980 haec
814 1933 1009 1982 Tacitus
1063 1936 1132 2001 (a)
1171 1937 1258 1983 sub
1296 1938 1354 1984 il-

83 2016 239 2063 lorum
275 2034 474 2081 persona
500 2055 511 2075 ἦ
548 2017 632 2079 qui
677 2033 765 2080 pro
808 2022 1064 2072 Oratorum
1112 2025 1351 2092 stipendio

86 2112 363 2165 tempestate
396 2102 645 2150 Tiberiana
708 2119 874 2153 contra
911 2107 1085 2174 Legem
1136 2109 1352 2160 Cinciam

208 2372 271 2427 (a)
304 2369 403 2412 Lib.
441 2365 522 2416 IX.
552 2369 659 2425 Cap.
699 2390 739 2433 7,
