1581 2844
218 230 282 292 40

350 311 465 372 Quo
515 311 562 360 in
600 314 941 380 epigrammate
976 323 1046 361 est
1071 345 1086 372 ‚
1136 313 1268 378 quod
1324 327 1479 364 notes,

209 398 261 446 Si
297 398 518 448 Libertus
543 399 776 465 Magnius
797 435 810 455 ,
850 401 1054 465 Magnia
1074 436 1090 459 ‚
1125 417 1227 449 non
1264 401 1448 466 Magna
1473 420 1487 441 ἰ

214 485 418 533 dicenda
473 486 655 534 Ironia.
708 486 1032 552 Singulariam
1081 488 1121 535 F
1167 487 1313 535 redde
1326 486 1484 552 fecit.

209 568 306 620 Sed
342 571 458 619 haec
494 571 652 619 obiter
686 571 924 620 Heieimni
971 573 1022 620 in
1057 572 1156 620 duo
1191 575 1391 637 partior,
1431 584 1485 620 ut

211 658 274 703 sit
331 654 461 708 helei
488 692 502 712 ,
540 668 587 705 et
620 660 766 706 amni.
807 659 957 723 Atqui
995 676 1055 708 ex
1090 659 1223 709 helei
1249 695 1261 716 „
1302 661 1486 726 aspira*

214 742 345 791 tione
401 742 584 792 sublata
611 781 624 801 ‚
657 743 719 792 fit
755 747 850 792 εἰεί
871 783 881 801 ,
922 746 1056 810 quod
1090 747 1250 796 latinis
1272 741 1356 795 'est
1393 748 1432 793 ἰί
1474 783 1484 800 ‚

214 829 289 878 vel
312 828 601 894 aspiratione
634 841 817 878 retenta
846 867 860 886 ‚
898 829 1048 888 helei,
1085 832 1207 880 idest
1241 830 1309 878 hi.
1348 829 1493 893 Quod

218 931 336 964 vero
370 916 505 964 litera
542 916 583 963 O
643 915 868 965 carebant
901 919 1004 966 osci
1032 953 1045 975 a
1083 921 1214 966 umni
1242 935 1334 986 pro
1370 921 1499 966 omni

222 1000 412 1049 dictum
441 1038 450 1058 ‚
477 1001 762 1068 sublatoque
798 1000 865 1049 V.
903 1021 990 1068 per
1023 1005 1326 1067 aphaeresin,
1366 1016 1418 1051 ut
1443 1005 1494 1051 in

219 1103 342 1136 voce
376 1089 641 1154 composita
670 1122 685 1145 q
733 1091 914 1138 facturn
949 1089 1068 1137 MNI
1092 1129 1107 1152 ,
1148 1103 1195 1139 et
1228 1107 1288 1137 ex
1323 1091 1489 1139 ambo-

211 1172 301 1220 bus
335 1171 578 1222 heieimnc'.
617 1173 786 1223 Unum
839 1177 1069 1225 hactenus
1130 1176 1492 1224 inobservatum

214 1261 330 1310 nolo
369 1278 458 1327 pro
484 1261 732 1312 coronide.
756 1262 1049 1327 Pompeiana
1090 1264 1214 1311 inter
1250 1264 1490 1329 epigram—

217 1359 340 1395 mata
377 1346 575 1395 obviant
625 1349 802 1413 passim
836 1348 978 1394 latina
1019 1364 1132 1396 cum
1178 1349 1320 1394 oscis.
1359 1346 1491 1408 Quid

220 1434 316 1482 hoc
344 1432 364 1479 Ρ
399 1433 502 1482 scio
532 1467 546 1490 .,
584 1432 823 1498 bilingues
859 1433 1001 1481 fuisse
1037 1433 1374 1497 Pompeianos.
1402 1431 1497 1478 Sed

226 1519 471 1568 neminem
505 1520 619 1568 latet
642 1557 652 1576 ,
696 1535 920 1568 romanos
956 1520 1099 1568 etiam
1136 1520 1360 1584 Pompeis
1383 1520 1499 1566 fuis-

224 1622 275 1653 se
310 1605 510 1653 colonos
544 1604 807 1662 deductos,
847 1622 1076 1670 acresque
1113 1606 1381 1669 municipes
1421 1606 1493 1650 in-

222 1702 296 1740 ter
318 1725 334 1749 .,
388 1691 686 1757 colonosque
720 1693 1018 1756 quaestiones
1055 1693 1268 1758 agitataS.
1333 1692 1493 1757 Opera

223 1777 440 1846 publica,
460 1779 694 1844 ludosque
731 1779 890 1828 videas
930 1796 1059 1827 nunc
1096 1779 1145 1825 in
1173 1779 1493 1837 Colonorum‚

226 1863 469 1912 interdum
497 1865 560 1930 sin
584 1864 887 1930 Municipun]
927 1867 1122 1930 gratiam
1169 1900 1183 1922 .,
1242 1865 1498 1912 celebrata.

225 1948 360 2009 Quae
395 1966 507 2015 ergo
565 1949 870 2014 Municipum
905 1963 1034 1997 erant
1061 1988 1074 2010 ‚
1138 1968 1250 1999 oseo
1287 1966 1504 1998 sermone

232 2032 459 2084 videntur
494 2036 781 2101 processisse
811 2074 822 2092 ‚
862 2054 983 2101 quae
1018 2035 1322 2084 Colonorum
1362 2073 1371 2093 ‚
1426 2051 1507 2083 ro-

229 2136 393 2169 mano.

363 2206 436 2255 De
471 2224 584 2274 agro
620 2205 948 2274 Frequentino
970 2248 984 2271 ,,
1022 2213 1104 2275 qui
1126 2230 1233 2277 pars
1259 2213 1376 2260 olim
1417 2210 1507 2258 Ae-

225 2290 460 2340 clanensis
485 2330 495 2349 ‚
552 2298 880 2343 transmissum
933 2295 993 2342 ad
1045 2314 1133 2343 nos
1182 2297 1382 2344 funebre
1407 2298 1506 2360 epi-

230 2393 440 2442 gramma
477 2378 759 2439 eiusmodi,
814 2380 945 2445 quod.
997 2391 1158 2430 utrum
1211 2382 1461 2432 marmoris
1490 2416 1505 2436 .‚
