1581 2844
1319 248 1346 292 5

75 327 136 382 ad
185 335 315 383 illam
349 350 566 382 ascensus
601 346 672 381 est
705 334 766 380 ad
801 344 986 399 partem
1038 332 1261 380 vestibuli
1299 352 1351 379 u-

78 430 293 484 tramque
317 453 331 476 ,
369 432 486 481 quos
543 428 588 463 et
626 416 790 463 ferreis
843 416 1090 481 quondam
1147 415 1345 464 chlatris

78 505 221 552 fuisse
255 516 407 568 septos
436 539 447 558 ‚
488 502 682 551 evidens
717 497 874 550 adhuc
914 514 1002 549 est.-

210 587 323 638 Solo
353 621 365 643 v
405 595 452 632 et
481 589 699 653 pequnia
733 605 838 637 sua.
878 587 1008 635 Idest
1043 586 1210 634 aedem
1246 603 1347 633 non

80 684 259 721 tantum
303 672 549 735 impendia
589 691 670 719 sua
703 710 712 729 ‚
754 673 837 720 sed
872 685 919 720 et
976 673 1026 718 in
1061 671 1161 719 solo
1196 688 1283 718 suo
1322 688 1347 717 a

78 756 400 805 fundamentis
458 758 692 805 excitavit
720 793 734 816 ‚
783 757 1083 821 absolvitque
1122 758 1188 804 Μ.
1230 757 1349 803 Tul-

79 841 167 906 lius
196 878 206 897 ,
244 840 375 903 quod
411 840 538 889 idem
575 854 644 889 est
675 880 684 898 ‚
725 860 780 890 ac
819 843 858 888 si
892 843 1058 890 dicas:
1097 859 1127 888 a
1142 840 1346 907 funda-

77 926 236 974 mentis
291 924 342 971 in
375 923 474 973 solo
513 944 596 975 suo
633 938 679 974 et
717 927 950 976 excitavit
980 963 992 985 ‚
1034 940 1080 975 et
1116 927 1344 992 perfecit.-

72 1008 227 1055 Potest
263 1011 441 1073 quippe
477 1009 528 1055 in
564 1009 667 1058 solo
701 1024 799 1056 non
861 1029 945 1058 suo
993 1011 1196 1059 excitari
1253 1011 1342 1058 ali-

75 1093 186 1158 quid
214 1098 428 1160 pecunia
464 1114 570 1143 sua.
635 1098 686 1144 A
738 1093 838 1145 solo
896 1098 1070 1145 deinde
1103 1137 1112 1154 ‚
1174 1099 1274 1145 sive
1314 1116 1341 1146 a

67 1179 386 1227 fundamentis
424 1183 632 1230 excitare
687 1183 871 1248 aliquid
898 1221 912 1242 ‚
954 1200 1054 1230 non
1101 1183 1230 1232 idem
1266 1203 1346 1234 so-

67 1272 146 1307 nat
176 1300 186 1319 ,
249 1280 303 1310 ac
342 1282 371 1310 a
406 1260 506 1311 solo
535 1300 548 1322 .,
609 1265 709 1312 sive
745 1284 770 1312 a
803 1263 1154 1331 fundamentis
1212 1272 1346 1319 resti-

67 1357 216 1394 tuere.
273 1342 399 1393 Illud
458 1364 577 1412 opus
633 1348 839 1396 insinuat
894 1365 1068 1400 novum
1104 1368 1163 1399 ex
1222 1352 1347 1401 inte—

68 1450 188 1497 gro:
248 1433 343 1481 hoc
384 1450 504 1498 opus
542 1433 809 1498 collapsum
847 1452 872 1480 a
909 1434 1233 1483 fundamentis
1270 1437 1346 1502 ip-

68 1518 131 1564 sis
185 1513 464 1576 restituere,
504 1518 634 1582 quod
671 1520 764 1566 nisi
801 1517 1065 1585 collapsum
1101 1532 1211 1568 ante
1248 1515 1308 1569 sit
1331 1558 1344 1578 .‚

69 1605 344 1650 restitutum
403 1604 600 1668 quidem
655 1605 898 1669 aptissime
940 1605 1157 1654 dixeris:
1222 1608 1262 1653 si
1318 1626 1345 1654 a

51 1680 399 1753 fundamentis
423 1688 597 1746 addas7
638 1702 804 1738 contra
843 1692 1065 1739 usitatam
1102 1693 1342 1740 formulae

74 1775 406 1840 acceptionem·
442 1775 644 1823 dixerist

208 1856 390 1904 Notum
425 1860 642 1913 eruditis,
673 1856 860 1907 Tullios
897 1859 1157 1910 Cicerones
1193 1858 1341 1912 Poni-

64 1942 248 2009 peianis
284 1944 447 1991 multis
502 1941 561 1991 de
597 1946 749 1993 causis
786 1947 1209 1996 coniunctissimos
1240 1987 1251 2004 ‚
1295 1962 1343 1996 et

68 2026 266 2093 praedia
304 2026 523 2074 habuisse
547 2022 790 2094 PompeiS‚
833 2039 880 2076 et
915 2048 939 2075 a
964 2031 1346 2096 municipalibus

68 2124 312 2178 praeterea
327 2113 589 2162 honoribus
614 2116 813 2163 minime
840 2116 1167 2165 abhorruisse.
1189 2119 1343 2179 Quin-

67 2204 173 2248 t'um
211 2203 359 2250 etiam
409 2200 626 2249 Tullium
655 2240 664 2258 ‚
707 2202 769 2261 Q.
813 2201 967 2249 filium
993 2240 1003 2259 ‚
1063 2203 1254 2269 duplici
1291 2207 1344 2253 in

81 2287 224 2334 titulo
246 2286 543 2353 Pompeiano
581 2304 720 2352 supra
740 2286 1043 2345 offendimus,
1073 2290 1158 2353 qui
1194 2289 1254 2337 D.
1277 2291 1345 2337 V.·

69 2366 110 2418 Ῑ.
147 2371 210 2419 D.
236 2372 460 2441 Pompeis
496 2373 731 2438 processi-t
763 2410 772 2431 ,
813 2372 1050 2437 huiusque
1081 2375 1218 2423 saci-le
1258 2391 1343 2422 ne·-
