1581 2844
1260 253 1322 312 43

11 365 16 386 a
53 341 262 406 denique
297 338 507 403 aliquid,
542 348 685 402 atque
724 337 839 384 utile
876 337 967 402 ipsi
1005 354 1090 403 per
1127 356 1175 385 se
1214 355 1315 386 me-

9 443 13 488 3
51 428 279 475 ditatione
332 424 515 473 assidua
550 425 806 490 exculpere
840 437 1036 474 norunt.
1098 426 1314 492 Religio-

7 541 12 579 ἶ
54 530 166 560 nem
198 508 575 574 modoexeipias
606 546 615 564 ‚
653 510 1096 575 humanitatemque
1123 544 1137 569 7
1176 529 1317 560 verae

0 574 4 602 ξ
55 595 296 662 religionis
330 595 674 643 consectariam
705 631 716 650 ,
759 595 937 660 frigent
972 597 1192 661 profecto
1229 614 1317 645 no-

3 676 8 730 ξ
54 696 148 733 stra
182 685 275 731 fere
310 682 470 728 omnia
497 718 512 741 ‚
563 682 603 729 si
641 699 755 729 cum
808 682 1018 747 antiquis
1071 683 1324 731 conferan-

3 768 7 823 ᾗ
61 785 155 822 tur.
206 770 340 819 Parte
392 784 449 816 ex
503 769 594 815 alia
656 768 836 833 ecquid
906 769 1104 815 demum
1161 786 1325 817 rerum

2 859 3 863 ’
55 868 317 906 nostrarum
345 891 360 914 ‚
399 856 500 901 sive
536 855 823 903 domesticae
885 872 965 902 eae
1023 857 1153 912 sint,
1220 858 1322 905 sive

0 938 2 968 ἶ
60 940 274 1008 publicae
302 976 317 999 ‚
370 941 597 1005 profanae
626 973 638 994 ,
676 951 759 987 aut
813 955 972 986 sacrae
1000 976 1014 999 ‚
1068 940 1129 987 ad
1163 955 1323 1006 poste-

52 1024 198 1072 ritatis
227 1023 469 1071 *notitiam
508 1036 759 1071 venturum
811 1025 1084 1089 putabimus
1140 1036 1185 1078 ἐν
1221 1043 1319 1076 ταις

50 1123 131 1182 ⁷93⁹
179 1114 285 1168 εθῳν
307 1145 320 1169 .,
358 1126 438 1167 και
472 1127 556 1174 ζων
592 1127 751 1176 καιρων
787 1111 1154 1177 καταστροφαιςῗ
1216 1111 1318 1162 An-

50 1199 292 1263 tiquorum
327 1210 490 1247 contra
526 1215 674 1263 paene
698 1198 918 1244 universa
955 1216 1009 1246 ac
1046 1199 1228 1264 singula
1268 1210 1316 1247 et

46 1285 285 1349 gravitatis
321 1285 460 1350 plena
496 1296 637 1341 sunt,
677 1296 723 1331 et
765 1301 925 1332 coram
961 1283 1186 1331 omnibus
1224 1301 1313 1349 po-

49 1372 136 1418 sita
194 1375 305 1437 prae
340 1371 493 1419 oculis
521 1409 533 1430 ‚
571 1388 736 1418 aerum
761 1408 771 1427 ‚
811 1370 1025 1436 lapidum
1047 1405 1061 1427 .,
1100 1384 1316 1420 caetero-

47 1475 252 1522 rumque
304 1458 378 1504 his
416 1458 647 1505 similium
705 1457 938 1506 beneficio
966 1496 976 1516 ,
1030 1476 1152 1523 quae
1212 1459 1314 1508 sine

46 1547 197 1593 dubio
234 1545 295 1593 ad
329 1545 635 1609 perennitatis
694 1544 885 1592 laudem
914 1582 924 1601 ‚
965 1557 1201 1610 quantum
1237 1563 1311 1594 res

47 1631 282 1677 humanae
317 1630 563 1695 patiuntur
587 1667 597 1686 ‚
651 1629 898 1694 aliquanto
934 1629 1140 1679 firmiora
1196 1642 1308 1679 sunt

47 1715 358 1772 aestimanda,
395 1733 542 1780 quam
577 1716 682 1781 typi
706 1716 877 1775 nostri,
916 1716 1168 1765 chartaeve
1204 1734 1313 1782 per-

49 1803 218 1849 iturae.
272 1800 677 1867 Quandoquidem
730 1812 776 1849 et
811 1818 924 1849 cum
977 1802 1052 1850 his
1112 1818 1306 1868 quoque

49 1889 346 1940 fulcimentis

345 2023 567 2073 mortalia
583 2023 736 2090 facta
769 2022 1018 2091 pet-[bunt.
