1581 2844
1311 274 1335 303 2

275 352 350 410 IN
391 344 739 407 MVTILVM
779 339 1202 402 STAB1ARVM
1342 275 1371 319 9

603 562 866 621 Marmor

543 755 864 808 SCHOLION
901 755 943 802 Ι.

241 925 305 974 Et
340 925 573 974 haetenus
633 925 830 990 quidem
886 924 1228 989 Pompeiorum
1284 942 1373 972 nos

111 994 263 1063 Sacra
299 1020 494 1058 tenuere
522 1044 536 1065 ,
562 1008 746 1074 quibus
782 1010 832 1055 in
856 1010 1080 1057 curandis
1104 1010 1378 1058 doctrinam

108 1094 324 1161 plerique
349 1105 562 1141 nostram
586 1127 598 1149 v
638 1093 972 1157 fortunamque
1010 1092 1375 1151 desiderabunt,

116 1192 314 1240 operam
337 1212 353 1237 ‚
388 1176 764 1240 industriamque
798 1192 957 1223 nemo.
1000 1174 1123 1222 Cum
1159 1192 1269 1224 ecee
1308 1179 1382 1225 vi·-

113 1281 167 1310 ae
202 1264 338 1310 fessis
389 1279 598 1310 marmor
644 1262 775 1310 aliud
812 1263 872 1310 ad
908 1274 1086 1310 metam
1122 1262 1273 1310 veluti
1308 1262 1388 1310 iti-

114 1348 242 1395 neris
282 1347 342 1395 de
392 1364 646 1396 sacrorum
682 1348 797 1395 item
855 1365 1027 1412 genere
1087 1346 1393 1395 tractandum

115 1433 329 1481 occurrit
356 1471 367 1490 ‚
426 1450 527 1480 non
582 1433 928 1499 Pompeiorum
989 1433 1110 1481 illud
1146 1433 1341 1497 quidem
1368 1465 1386 1488 ,

119 1516 206 1563 sed
242 1510 513 1568 Stabiarum
540 1554 554 1577 ‚
595 1530 823 1582 cognatae
879 1517 997 1565 olim
1054 1516 1397 1584 Pompeiorum

114 1601 341 1650 civitatis.
381 1601 523 1661 Quod
557 1620 583 1649 a
619 1601 686 1651 V.
725 1601 782 1649 C.
822 1601 995 1650 Carolo
1046 1603 1247 1651 Rosinio
1283 1603 1382 1650 iam

117 1683 201 1730 diu
239 1686 511 1733 restitutum
539 1722 550 1741 ‚
602 1685 821 1733 ulteriori
869 1685 1024 1736 adhue
1061 1685 1252 1734 videtur
1287 1695 1384 1735 tra-

115 1770 324 1817 ctatione
375 1787 545 1835 egere,
581 1770 764 1818 utinam
819 1770 979 1818 minus
1038 1771 1374 1835 improspera!

118 1854 333 1900 Praestat
363 1890 372 1906 ‚
414 1853 538 1900 illud
588 1854 640 1900 in
676 1853 844 1919 primis
871 1888 886 1913 ,
928 1852 994 1903 ὥς.
1020 1869 1191 1911 κειται,
1229 1854 1384 1903 lecto-

120 1939 184 1987 ris
219 1938 372 1986 oculis
410 1939 663 1987 subiicere.

714 2107 758 2140 D.
786 2106 818 2138 D

481 2194 490 2204 .
519 2193 529 2203 .
561 2194 570 2203 .
598 2168 778 2202 AESIVS.
821 2165 1047 2201 DAPHNVS

525 2256 532 2264 .
561 2255 569 2264 .
605 2231 720 2264 ΤΑι.
747 2229 1005 2265 chEmAE.
1036 2228 1100 2265 ET
1226 2252 1236 2255 ⁷
1271 2219 1309 2251 st*
1486 2239 1487 2242 =
1514 2246 1518 2247 ν

460 2317 469 2327 .
496 2317 505 2326 .
537 2293 720 2326 ΑΕΒΕΜ.
746 2292 904 2327 GENIS.
932 2293 1143 2326 STABIAR

429 2379 437 2388 .
469 2377 476 2386 ·
507 2378 515 2387 .
543 2379 551 2388 .
583 2355 617 2387 S.
646 2354 890 2387 MARMORI.
920 2380 928 2388 .
951 2355 1123 2389 EXATA

507 2439 514 2448 -
544 2441 553 2451 .
586 2442 595 2452 .
624 2443 632 2451 .
661 2419 734 2452 DE.
765 2416 1024 2453 RESI'ITVIT
