1581 2844
213 221 277 266 28

202 304 340 367 picti.
381 303 439 350 P.
479 303 736 352 Calvisium
770 302 1008 349 Rusonem
1037 337 1049 358 .,
1078 300 1332 350 Consulem
1368 299 1476 348 Suf-

200 390 384 436 fectum
408 386 586 433 habent
622 386 751 434 Fasti
786 385 846 432 ad
881 405 956 432 an.
997 383 1114 443 814.
1177 384 1245 429 V.
1284 381 1341 429 C.
1381 383 1475 430 Ae—

203 490 283 519 rae
319 484 507 519 nostrae
544 469 628 518 61:
649 470 708 518 de
747 470 937 536 Collega
977 471 1136 527 silent.
1165 486 1308 534 quem
1343 487 1473 517 nunc

203 558 419 622 primum
453 555 644 604 discere
681 555 819 604 datur
851 557 914 617 Q.
952 556 1166 604 Futium.

339 643 396 689 C.
433 640 605 688 Vibius
642 640 822 688 Aedilis
874 642 993 690 alius
1027 642 1290 690 censendus
1339 658 1362 686 a
1400 640 1464 687 D.

202 723 266 770 V.
306 725 345 773 I.
386 725 448 772 D.
486 726 740 772 marmoris
779 725 1001 790 proxime
1052 724 1375 773 antecedentis
1414 725 1472 769 C.

197 811 346 858 Vibio
382 812 604 860 Secundo
633 847 646 868 .‚
684 813 762 860 eui
798 811 928 859 haud
965 812 1192 861 credibile
1223 850 1232 866 ‚
1291 810 1477 857 Aedili-

203 909 351 944 tatem
386 898 666 946 attributam
706 910 814 962 post
837 898 1227 946 Duumviratum.
1270 897 1467 944 Aediles

195 992 438 1045 praeterea
498 982 548 1028 hi
582 981 905 1029 destituuntur
939 982 1179 1029 consuetis
1217 982 1350 1046 siglis
1389 983 1452 1028 D.

199 1064 261 1111 V.
324 1064 388 1111 V.
428 1065 490 1112 A.
532 1064 583 1111 S.
644 1063 700 1110 P.
749 1064 787 1111 P
819 1082 830 1120 ;
868 1062 1000 1128 quod
1056 1064 1288 1111 nimirum
1311 1064 1370 1111 de
1408 1082 1459 1111 re

201 1146 424 1210 agebatur
454 1185 465 1203 ‚
505 1163 647 1193 sacra
709 1146 791 1194 illa
827 1146 1023 1212 quidem
1045 1183 1058 1203 .,
1097 1148 1182 1195 sed
1215 1166 1313 1196 non
1349 1149 1472 1195 voti-

197 1247 261 1277 va
292 1268 302 1286 ,
364 1249 453 1295 pro
488 1249 581 1295 qua
618 1249 710 1279 una
748 1242 881 1278 erant
927 1230 1129 1277 instituti
1187 1231 1250 1278 D.
1290 1231 1351 1278 V.
1393 1235 1459 1279 V.

197 1316 262 1363 A.
300 1312 352 1361 S.
393 1313 450 1363 P.
490 1314 530 1361 P

333 1396 436 1444 Nec
471 1399 865 1462 praetereundum
897 1400 1107 1464 denique
1147 1402 1467 1464 fragmentum

195 1484 323 1534 aliud
348 1484 682 1536 Ministrorccm
715 1484 964 1536 Fortunae
998 1489 1272 1552 Augustae.

445 1945 570 1993 Min.
612 1947 942 1995 FoRTVNae.
983 1950 1237 2015 Augustae

718 2033 804 2082 111.
846 2035 923 2081 PR

641 2119 713 2164 M.
754 2118 936 2185 Epml.
977 2122 1025 2168 M

329 2282 470 2341 Quod
524 2287 774 2339 conferas,
814 2287 961 2344 licet,
1018 2305 1128 2336 cum
1183 2291 1295 2349 his,
1342 2311 1465 2356 quae

194 2380 330 2428 supra
384 2367 442 2413 de
503 2368 574 2413 M.
621 2367 807 2435 Epidio
847 2368 1033 2417 Flacco
1068 2374 1250 2438 saepius
1308 2378 1457 2431 dicta,
