1581 2844
1268 251 1332 302 33

73 349 422 401 Saturninum,
483 339 731 397 Arimini,
772 349 820 387 et
879 339 1003 388 For.
1066 336 1345 405 Sempronii

70 426 404 487 Sacerdotem.
444 425 574 487 Quae
607 426 648 475 si
682 441 853 492 parum
886 426 1083 475 sortasse
1117 427 1337 492 potentia

71 522 133 568 ad
168 536 270 568 rem
303 511 652 566 conficiendam
703 511 975 568 videantur,
1004 511 1263 560 afferentur
1280 510 1341 560 de

68 606 231 654 Museo
262 599 540 649 Borbonico
563 609 667 645 tum
690 595 933 647 Antonius
958 597 1006 645 T
1008 598 1218 661 rofimus,
1243 598 1343 647 Pu·-

71 689 371 743 teolorumsst
392 684 630 753 Neapolis
644 684 1060 751 Augustalis‚tum
1087 682 1342 733 Publicius

68 769 323 841 Bathyllus
350 773 381 831 ‚¹³
415 771 702 837 Augustalis
722 770 965 827 Puteolis,
1005 781 1053 819 et
1097 767 1151 818 V
1147 772 1336 839 eanro.

196 856 418 906 Naevum
453 858 585 907 hunc
622 859 813 923 egregio
849 858 997 906 veluti
1041 859 1336 925 deprensum

75 947 123 993 in
157 960 356 1008 corpore
391 942 738 1009 detergendum
775 944 1052 994 curavimus
1087 957 1335 1012 uteunque

70 1048 96 1079 a
127 1030 231 1078 viro
266 1028 451 1077 erudito
482 1067 493 1086 ‚
536 1029 670 1094 quod
704 1032 885 1080 factum
916 1067 925 1086 ,
967 1030 1300 1079 observantiae
1321 1067 1335 1090 .,

71 1133 167 1163 non
202 1116 384 1163 fraudis
422 1132 533 1181 ergo
561 1150 574 1172 .,
610 1117 750 1181 aequi
783 1116 993 1180 bonique
1028 1115 1192 1171 faciat,
1233 1118 1338 1164 eni—

72 1218 131 1249 xe
168 1218 409 1267 rogamus.
438 1202 507 1249 Ita
526 1203 706 1267 quippe
724 1214 891 1253 natura
910 1204 1191 1253 hominibus
1217 1221 1333 1269 pro-

65 1291 223 1338 visum
249 1328 259 1346 ,
299 1301 352 1336 ut
387 1307 487 1336 non
523 1291 683 1337 omnia
738 1293 977 1356 possimus
1040 1309 1205 1342 omnes
1235 1312 1245 1351 ;
1288 1306 1338 1342 et

67 1394 212 1443 opere
249 1378 300 1424 in
333 1392 509 1442 magno
545 1388 786 1443 praeterea

169 1545 463 1616 quandoque
499 1545 646 1596 bonus
688 1545 917 1597 dormitat
954 1549 1209 1598 Ηοιηενίιςις

468 1699 787 1749 SCHOLION
838 1701 901 1748 II.

68 1874 300 1927 Delenda
335 1912 346 1934 ‚
404 1869 691 1922 addendave
750 1873 1121 1925 Commentariis
1178 1874 1343 1925 adhuc

71 1960 233 2010 editis.

203 2132 261 2181 In
296 2144 487 2182 nosmet
522 2150 651 2183 nunc
692 2134 797 2183 faba
853 2130 1098 2183 recuditur
1124 2170 1138 2192 .,
1192 2153 1341 2200 quan-

77 2218 342 2286 doquidem
364 2221 555 2269 veritati
591 2222 676 2269 uni
710 2221 847 2271 litare
875 2257 888 2278 „
926 2224 1229 2288 propositum
1252 2241 1342 2272 no-

79 2306 155 2353 bis
190 2317 277 2353 est.
318 2305 448 2356 Haec
492 2308 638 2373 igitur
683 2310 860 2374 partim
895 2308 1134 2368 addenda,
1169 2311 1344 2376 partim

75 2389 276 2440 delenda
311 2392 370 2440 de
407 2392 779 2444 Commentariis
816 2392 975 2440 adhuc
1013 2394 1167 2443 editis-

951 2463 984 2516 3
