1581 2844
1250 311 1305 340 21

48 392 196 429 tatum
233 393 425 444 superne
459 371 698 421 interdum
731 410 740 428 ,
783 374 1024 424 interdurn
1084 378 1265 428 inferne
1297 421 1306 438 ‚

46 464 173 512 haud
207 480 306 512 raro
343 460 401 508 ad
435 462 697 524 marginem
727 500 736 516 ‚
778 462 827 508 in
864 464 956 510 fine
995 466 1308 528 saepiuscule,

49 547 329 612 quandoque
364 556 409 591 et
442 544 490 590 in
525 546 685 592 medio
724 546 826 609 ipso
864 546 1003 593 titulo
1033 583 1046 603 ἢ
1086 565 1312 598 versuum

53 633 215 681 ordine
251 628 560 676 interturbato
591 664 601 684 ἢ
641 647 847 692 quorum
869 629 929 675 nil
957 630 1047 676 tale
1068 631 1117 675 in
1154 633 1313 681 tabula

51 715 324 783 pompeiana
376 729 567 760 cernere
624 725 710 759 est.
755 712 1002 759 Plcctilimn
1060 732 1172 777 ergo
1208 722 1321 768 reti-

53 801 259 849 nendum
295 815 541 845 censemus
564 833 574 851 ,Α
615 816 701 845 nee
740 798 798 844 de
816 799 1010 846 nomine
1045 817 1174 847 novo
1199 835 1210 853 .,
1239 805 1319 846 aut

54 906 103 935 re
123 902 240 932 nova
263 883 445 930 nomini
462 883 670 930 subiecta
692 922 701 939 ,
727 883 1002 930 verendum.
1030 885 1099 930 De
1123 886 1320 933 Plautio

58 969 257 1034 quippe,
295 966 550 1031 praecipue
587 967 625 1012 si
663 966 722 1015 de
741 967 879 1014 Aelio
918 965 1145 1014 Plautius
1170 969 1322 1015 factus

56 1070 137 1119 per
169 1049 474 1114 adoptionem
499 1086 513 1108 ,
554 1051 694 1098 facile
734 1051 783 1096 in
840 1050 1002 1115 vulgus
1059 1050 1323 1099 Plcczctilc'us

53 1135 258 1203 primum
284 1171 298 1193 ,
334 1134 508 1181 deinde
571 1135 802 1182 Placilizcs
832 1171 844 1191 .,
896 1136 1206 1183 contrahendi
1263 1138 1322 1183 li-

51 1222 226 1269 bertate
266 1223 525 1287 ampliata,
566 1218 764 1286 prodiit.
805 1223 927 1269 Nam
980 1222 1187 1286 prodigii
1225 1224 1323 1270 fere

53 1308 158 1355 loco
211 1318 369 1361 esset„
411 1308 657 1355 Platilium
714 1309 842 1354 hune
895 1319 1111 1354 nostrum
1171 1309 1319 1355 alium

55 1389 263 1437 extitisse
298 1408 322 1436 a
358 1391 580 1448 Plautio,
621 1392 671 1437 in
707 1407 915 1455 quorum
937 1404 1192 1456 utrumque
1241 1391 1329 1437 Τι’-

55 1473 176 1522 heriz·
231 1493 524 1540 praenomen
584 1477 694 1525 c'um
747 1473 944 1523 Aeliani
998 1477 1328 1541 cognomine,

59 1559 211 1606 amice
250 1577 335 1622 per
371 1560 585 1607 fraudem
622 1560 923 1625 conspirarit.

189 1643 317 1691 Haec
356 1646 394 1689 si
431 1646 492 1691 ita
530 1634 626 1692 sint
657 1684 665 1701 ,
706 1658 759 1692 ut
817 1662 915 1691 esse
966 1643 1190 1692 videntur
1218 1677 1231 1699 ,
1270 1642 1330 1690 de

58 1722 245 1772 Aeliani
283 1728 554 1775 consulatus
592 1740 739 1775 aetate
774 1744 864 1792 pro
913 1745 1146 1774 marmore
1184 1727 1328 1775 Pom-

56 1813 225 1873 peiano
274 1829 480 1875 pronum
517 1813 607 1860 erit
641 1812 915 1859 decernere.
955 1812 1012 1857 In
1047 1812 1139 1858 hoc
1179 1811 1331 1876 siqui-

1 1949 3 1953 ,
57 1899 166 1945 dem
205 1896 391 1946 Consul
416 1934 431 1956 ‚
469 1914 569 1947 non
595 1900 769 1945 iterum
787 1899 968 1946 Consul
987 1898 1181 1945 dieitur.
1204 1898 1331 1961 Ergo

58 1980 116 2027 de
152 1983 330 2048 prima,
369 2000 466 2030 non
503 1984 650 2030 altero
675 1983 773 2029 eius
814 1983 1064 2030 consulatu
1090 2020 1102 2042 ,
1140 1999 1213 2029 res
1240 1991 1327 2028 est.

59 2065 324 2132 Praefulget
361 2081 514 2115 autem
552 2069 595 2115 ei
632 2069 810 2132 collega
861 2068 1070 2115 Statilius
1108 2066 1290 2113 Taurus
1318 2099 1332 2122 ‚

63 2152 143 2215 qui
177 2151 355 2200 Consul
392 2154 622 2219 processit
659 2153 719 2199 ad
753 2171 829 2199 an.
871 2153 932 2197 V.
994 2150 1050 2197 G.
1097 2167 1213 2216 797.
1255 2147 1330 2196 Ad

62 2235 188 2284 hunc
223 2237 364 2301 igitur
397 2256 575 2285 annum
612 2238 783 2285 Statilii
832 2238 1102 2284 consulatus
1153 2247 1224 2284 est
1261 2256 1334 2285 re-

67 2321 323 2378 ferendus3
363 2340 473 2369 nam
532 2323 570 2369 si
608 2321 666 2368 de
703 2320 886 2369 Statilio
922 2319 1080 2367 Tauro
1120 2320 1326 2369 Consule

67 2410 177 2456 anni
214 2409 500 2474 insequentis
537 2408 653 2475 798.
694 2420 940 2471 ager‹¹tur‚
980 2406 1090 2454 huic
1131 2406 1338 2454 Corvini
