<?xml version="1.0" encoding="UTF-8"?>
<!DOCTYPE html PUBLIC "-//W3C//DTD XHTML 1.0 Transitional//EN"
    "http://www.w3.org/TR/xhtml1/DTD/xhtml1-transitional.dtd">
<html xmlns="http://www.w3.org/1999/xhtml" xml:lang="en" lang="en">
 <head>
  <title>
</title>
<meta http-equiv="Content-Type" content="text/html;charset=utf-8" />
  <meta name='ocr-system' content='tesseract 3.04.00' />
  <meta name='ocr-capabilities' content='ocr_page ocr_carea ocr_par ocr_line ocrx_word'/>
</head>
<body>
  <div class='ocr_page' id='page_1' title='image "./commentariumviid00guar_0008.png"; bbox 0 0 1581 2844; ppageno 0'>
   <div class='ocr_carea' id='block_1_1' title="bbox 209 211 1579 2443">
    <p class='ocr_par' dir='ltr' id='par_1_1' title="bbox 209 211 1580 2443">
     <span class='ocr_line' id='line_1_1' title="bbox 230 211 1579 266; baseline 0.005 -7"><span class='ocrx_word' id='word_1_1' title='bbox 230 211 262 259; x_wconf 81' lang='lat'>6</span> <span class='ocrx_word' id='word_1_2' title='bbox 1578 258 1579 266; x_wconf 69' lang='grc'>,</span> 
     </span>
     <span class='ocr_line' id='line_1_2' title="bbox 223 293 1512 362; baseline -0.003 -20"><span class='ocrx_word' id='word_1_3' title='bbox 223 314 311 362; x_wconf 83' lang='lat' dir='ltr'>pos</span> <span class='ocrx_word' id='word_1_4' title='bbox 354 298 561 344; x_wconf 76' lang='lat' dir='ltr'>extiterit</span> <span class='ocrx_word' id='word_1_5' title='bbox 600 297 786 345; x_wconf 74' lang='lat' dir='ltr'>Marcus</span> <span class='ocrx_word' id='word_1_6' title='bbox 827 299 904 344; x_wconf 69' lang='lat' dir='ltr'>hie</span> <span class='ocrx_word' id='word_1_7' title='bbox 938 331 947 341; x_wconf 77' lang='grc'>.</span> <span class='ocrx_word' id='word_1_8' title='bbox 1004 296 1068 340; x_wconf 75' lang='grc' dir='ltr'>Μ.</span> <span class='ocrx_word' id='word_1_9' title='bbox 1109 295 1166 341; x_wconf 84' lang='lat' dir='ltr'>F.</span> <span class='ocrx_word' id='word_1_10' title='bbox 1207 293 1392 340; x_wconf 75' lang='lat' dir='ltr'>Tullius</span> <span class='ocrx_word' id='word_1_11' title='bbox 1418 330 1431 351; x_wconf 82' lang='lat'><strong>‚</strong></span> <span class='ocrx_word' id='word_1_12' title='bbox 1471 293 1512 338; x_wconf 54' lang='lat' dir='ltr'>i„</span> 
     </span>
     <span class='ocr_line' id='line_1_3' title="bbox 231 383 1509 449; baseline -0.002 -19"><span class='ocrx_word' id='word_1_13' title='bbox 231 383 437 449; x_wconf 85' lang='lat' dir='ltr'>demque</span> <span class='ocrx_word' id='word_1_14' title='bbox 474 384 699 432; x_wconf 82' lang='lat' dir='ltr'>conditor</span> <span class='ocrx_word' id='word_1_15' title='bbox 757 384 902 432; x_wconf 70' lang='lat' dir='ltr'>Aedis</span> <span class='ocrx_word' id='word_1_16' title='bbox 942 384 1181 430; x_wconf 74' lang='lat' dir='ltr'>Fortunae</span> <span class='ocrx_word' id='word_1_17' title='bbox 1245 385 1509 445; x_wconf 75' lang='lat' dir='ltr'>Augustae.</span> 
     </span>
     <span class='ocr_line' id='line_1_4' title="bbox 223 467 1508 535; baseline -0.004 -18"><span class='ocrx_word' id='word_1_18' title='bbox 223 468 405 517; x_wconf 79' lang='lat' dir='ltr'>Verum</span> <span class='ocrx_word' id='word_1_19' title='bbox 443 487 539 535; x_wconf 89' lang='lat' dir='ltr'>quo</span> <span class='ocrx_word' id='word_1_20' title='bbox 578 470 733 516; x_wconf 85' lang='lat' dir='ltr'>minus</span> <span class='ocrx_word' id='word_1_21' title='bbox 772 472 886 517; x_wconf 77' lang='lat' dir='ltr'>haec</span> <span class='ocrx_word' id='word_1_22' title='bbox 925 470 984 516; x_wconf 85' lang='lat' dir='ltr'>de</span> <span class='ocrx_word' id='word_1_23' title='bbox 1023 467 1195 515; x_wconf 80' lang='lat' dir='ltr'>Tulliis</span> <span class='ocrx_word' id='word_1_24' title='bbox 1256 467 1508 514; x_wconf 61' lang='lat' dir='ltr'>Ciceroni—</span> 
     </span>
     <span class='ocr_line' id='line_1_5' title="bbox 220 553 1497 620; baseline -0.003 -18"><span class='ocrx_word' id='word_1_25' title='bbox 220 555 310 602; x_wconf 85' lang='lat' dir='ltr'>bus</span> <span class='ocrx_word' id='word_1_26' title='bbox 346 555 639 620; x_wconf 85' lang='lat' dir='ltr'>accipiamus</span> <span class='ocrx_word' id='word_1_27' title='bbox 665 591 677 611; x_wconf 69' lang='grc'>,</span> <span class='ocrx_word' id='word_1_28' title='bbox 715 557 873 604; x_wconf 76' lang='lat' dir='ltr'>obstat</span> <span class='ocrx_word' id='word_1_29' title='bbox 912 557 963 602; x_wconf 89' lang='lat' dir='ltr'>in</span> <span class='ocrx_word' id='word_1_30' title='bbox 1000 556 1168 620; x_wconf 80' lang='lat' dir='ltr'>primis</span> <span class='ocrx_word' id='word_1_31' title='bbox 1206 553 1497 600; x_wconf 71' lang='lat' dir='ltr'>Ciceronmn</span> 
     </span>
     <span class='ocr_line' id='line_1_6' title="bbox 223 643 1504 708; baseline -0.002 -19"><span class='ocrx_word' id='word_1_32' title='bbox 223 643 529 707; x_wconf 82' lang='lat' dir='ltr'>cognominis</span> <span class='ocrx_word' id='word_1_33' title='bbox 564 655 791 708; x_wconf 85' lang='lat' dir='ltr'>perpetua</span> <span class='ocrx_word' id='word_1_34' title='bbox 831 646 1044 692; x_wconf 78' lang='lat' dir='ltr'>omissio.</span> <span class='ocrx_word' id='word_1_35' title='bbox 1086 644 1181 691; x_wconf 84' lang='lat' dir='ltr'>Sed</span> <span class='ocrx_word' id='word_1_36' title='bbox 1224 643 1504 708; x_wconf 73' lang='lat' dir='ltr'>quicunque</span> 
     </span>
     <span class='ocr_line' id='line_1_7' title="bbox 225 727 1507 793; baseline -0.003 -18"><span class='ocrx_word' id='word_1_37' title='bbox 225 727 421 775; x_wconf 83' lang='lat' dir='ltr'>demum</span> <span class='ocrx_word' id='word_1_38' title='bbox 462 728 741 793; x_wconf 82' lang='lat' dir='ltr'>Pompeiani</span> <span class='ocrx_word' id='word_1_39' title='bbox 782 730 830 775; x_wconf 86' lang='lat' dir='ltr'>hi</span> <span class='ocrx_word' id='word_1_40' title='bbox 867 730 1014 776; x_wconf 80' lang='lat' dir='ltr'>Tullii</span> <span class='ocrx_word' id='word_1_41' title='bbox 1051 730 1228 776; x_wconf 76' lang='lat' dir='ltr'>fuerint</span> <span class='ocrx_word' id='word_1_42' title='bbox 1260 767 1269 784; x_wconf 81' lang='lat'>‚</span> <span class='ocrx_word' id='word_1_43' title='bbox 1316 727 1507 793; x_wconf 63' lang='lat' dir='ltr'>primo-</span> 
     </span>
     <span class='ocr_line' id='line_1_8' title="bbox 221 812 1505 879; baseline -0.002 -19"><span class='ocrx_word' id='word_1_44' title='bbox 221 830 294 860; x_wconf 87' lang='lat' dir='ltr'>res</span> <span class='ocrx_word' id='word_1_45' title='bbox 331 815 552 878; x_wconf 84' lang='lat' dir='ltr'>profecto</span> <span class='ocrx_word' id='word_1_46' title='bbox 591 815 714 862; x_wconf 76' lang='lat' dir='ltr'>inter</span> <span class='ocrx_word' id='word_1_47' title='bbox 769 815 1108 879; x_wconf 78' lang='lat' dir='ltr'>Pompeiorum</span> <span class='ocrx_word' id='word_1_48' title='bbox 1146 827 1294 879; x_wconf 81' lang='lat' dir='ltr'>caput</span> <span class='ocrx_word' id='word_1_49' title='bbox 1331 812 1505 859; x_wconf 73' lang='lat' dir='ltr'>extulit</span> 
     </span>
     <span class='ocr_line' id='line_1_9' title="bbox 224 898 1502 963; baseline -0.002 -18"><span class='ocrx_word' id='word_1_50' title='bbox 224 900 411 947; x_wconf 76' lang='lat' dir='ltr'>Marcus</span> <span class='ocrx_word' id='word_1_51' title='bbox 449 901 530 948; x_wconf 88' lang='lat' dir='ltr'>hic</span> <span class='ocrx_word' id='word_1_52' title='bbox 568 912 731 947; x_wconf 73' lang='lat' dir='ltr'>noster</span> <span class='ocrx_word' id='word_1_53' title='bbox 761 935 773 953; x_wconf 69' lang='grc'>,</span> <span class='ocrx_word' id='word_1_54' title='bbox 822 900 904 963; x_wconf 90' lang='lat' dir='ltr'>qui</span> <span class='ocrx_word' id='word_1_55' title='bbox 946 899 1247 946; x_wconf 81' lang='lat' dir='ltr'>Duumvirali</span> <span class='ocrx_word' id='word_1_56' title='bbox 1283 898 1502 961; x_wconf 78' lang='lat' dir='ltr'>diguita-</span> 
     </span>
     <span class='ocr_line' id='line_1_10' title="bbox 223 986 1504 1051; baseline 0.001 -19"><span class='ocrx_word' id='word_1_57' title='bbox 223 999 269 1032; x_wconf 85' lang='lat' dir='ltr'>te</span> <span class='ocrx_word' id='word_1_58' title='bbox 307 988 498 1035; x_wconf 80' lang='lat' dir='ltr'>tertium</span> <span class='ocrx_word' id='word_1_59' title='bbox 527 1022 539 1043; x_wconf 76' lang='grc'><em>,</em></span> <span class='ocrx_word' id='word_1_60' title='bbox 581 986 821 1051; x_wconf 77' lang='lat' dir='ltr'>Auguratu</span> <span class='ocrx_word' id='word_1_61' title='bbox 850 1021 861 1040; x_wconf 36' lang='grc' dir='ltr'>ἦ</span> <span class='ocrx_word' id='word_1_62' title='bbox 901 987 1358 1050; x_wconf 81' lang='lat' dir='ltr'>Quinquennalitate</span> <span class='ocrx_word' id='word_1_63' title='bbox 1400 1023 1412 1044; x_wconf 88' lang='lat'>‚</span> <span class='ocrx_word' id='word_1_64' title='bbox 1454 997 1504 1033; x_wconf 82' lang='lat' dir='ltr'>et</span> 
     </span>
     <span class='ocr_line' id='line_1_11' title="bbox 221 1072 1500 1138; baseline -0.002 -17"><span class='ocrx_word' id='word_1_65' title='bbox 221 1072 494 1121; x_wconf 83' lang='lat' dir='ltr'>Tribunatu</span> <span class='ocrx_word' id='word_1_66' title='bbox 528 1074 734 1122; x_wconf 87' lang='lat' dir='ltr'>militum</span> <span class='ocrx_word' id='word_1_67' title='bbox 771 1091 796 1119; x_wconf 88' lang='lat' dir='ltr'>a</span> <span class='ocrx_word' id='word_1_68' title='bbox 846 1074 1028 1138; x_wconf 86' lang='lat' dir='ltr'>populo</span> <span class='ocrx_word' id='word_1_69' title='bbox 1067 1086 1163 1120; x_wconf 83' lang='lat' dir='ltr'>tam</span> <span class='ocrx_word' id='word_1_70' title='bbox 1224 1074 1391 1137; x_wconf 66' lang='lat' dir='ltr'>pulcre</span> <span class='ocrx_word' id='word_1_71' title='bbox 1452 1090 1500 1119; x_wconf 90' lang='lat' dir='ltr'>se</span> 
     </span>
     <span class='ocr_line' id='line_1_12' title="bbox 228 1160 1494 1226; baseline 0 -19"><span class='ocrx_word' id='word_1_72' title='bbox 228 1160 575 1217; x_wconf 80' lang='lat' dir='ltr'>commendat3</span> <span class='ocrx_word' id='word_1_73' title='bbox 614 1179 906 1226; x_wconf 75' lang='lat' dir='ltr'>quamquam</span> <span class='ocrx_word' id='word_1_74' title='bbox 945 1162 1062 1208; x_wconf 81' lang='lat' dir='ltr'>haec</span> <span class='ocrx_word' id='word_1_75' title='bbox 1101 1178 1270 1225; x_wconf 77' lang='lat' dir='ltr'>parum</span> <span class='ocrx_word' id='word_1_76' title='bbox 1307 1161 1366 1207; x_wconf 80' lang='lat' dir='ltr'>ad</span> <span class='ocrx_word' id='word_1_77' title='bbox 1405 1177 1494 1207; x_wconf 88' lang='lat' dir='ltr'>nos</span> 
     </span>
     <span class='ocr_line' id='line_1_13' title="bbox 221 1246 1499 1313; baseline 0.001 -19"><span class='ocrx_word' id='word_1_78' title='bbox 221 1264 309 1312; x_wconf 77' lang='lat' dir='ltr'>pro</span> <span class='ocrx_word' id='word_1_79' title='bbox 346 1263 394 1293; x_wconf 87' lang='lat' dir='ltr'>re</span> <span class='ocrx_word' id='word_1_80' title='bbox 451 1248 717 1313; x_wconf 78' lang='lat' dir='ltr'>proposita.</span> <span class='ocrx_word' id='word_1_81' title='bbox 761 1246 886 1294; x_wconf 83' lang='lat' dir='ltr'>Illud</span> <span class='ocrx_word' id='word_1_82' title='bbox 922 1249 1091 1295; x_wconf 82' lang='lat' dir='ltr'>attinet</span> <span class='ocrx_word' id='word_1_83' title='bbox 1138 1248 1376 1312; x_wconf 76' lang='lat' dir='ltr'>propiuS,</span> <span class='ocrx_word' id='word_1_84' title='bbox 1421 1265 1499 1295; x_wconf 90' lang='lat' dir='ltr'>ec—</span> 
     </span>
     <span class='ocr_line' id='line_1_14' title="bbox 221 1331 1497 1398; baseline 0.001 -18"><span class='ocrx_word' id='word_1_85' title='bbox 221 1351 318 1396; x_wconf 90' lang='lat' dir='ltr'>quo</span> <span class='ocrx_word' id='word_1_86' title='bbox 355 1331 503 1381; x_wconf 85' lang='lat' dir='ltr'><strong>Urbis</strong></span> <span class='ocrx_word' id='word_1_87' title='bbox 541 1334 762 1382; x_wconf 85' lang='lat' dir='ltr'>conditae</span> <span class='ocrx_word' id='word_1_88' title='bbox 822 1352 948 1382; x_wconf 83' lang='lat' dir='ltr'>anno</span> <span class='ocrx_word' id='word_1_89' title='bbox 1007 1336 1208 1382; x_wconf 69' lang='lat' dir='ltr'>excitavi</span> <span class='ocrx_word' id='word_1_90' title='bbox 1269 1335 1497 1398; x_wconf 85' lang='lat' dir='ltr'>Pompeis</span> 
     </span>
     <span class='ocr_line' id='line_1_15' title="bbox 223 1420 1460 1488; baseline 0.001 -19"><span class='ocrx_word' id='word_1_91' title='bbox 223 1420 407 1469; x_wconf 85' lang='lat' dir='ltr'>Aedem</span> <span class='ocrx_word' id='word_1_92' title='bbox 466 1421 590 1469; x_wconf 87' lang='lat' dir='ltr'>hanc</span> <span class='ocrx_word' id='word_1_93' title='bbox 629 1422 868 1470; x_wconf 77' lang='lat' dir='ltr'>Fortunae</span> <span class='ocrx_word' id='word_1_94' title='bbox 907 1424 1144 1486; x_wconf 79' lang='lat' dir='ltr'>Augustae</span> <span class='ocrx_word' id='word_1_95' title='bbox 1184 1424 1460 1488; x_wconf 83' lang='lat' dir='ltr'>contigerit.</span> 
     </span>
     <span class='ocr_line' id='line_1_16' title="bbox 357 1507 1492 1577; baseline 0.004 -23"><span class='ocrx_word' id='word_1_96' title='bbox 357 1507 584 1555; x_wconf 84' lang='lat' dir='ltr'>Octavius</span> <span class='ocrx_word' id='word_1_97' title='bbox 637 1526 762 1556; x_wconf 85' lang='lat' dir='ltr'>anno</span> <span class='ocrx_word' id='word_1_98' title='bbox 827 1510 887 1553; x_wconf 91' lang='lat' dir='ltr'>V.</span> <span class='ocrx_word' id='word_1_99' title='bbox 930 1510 985 1555; x_wconf 84' lang='lat' dir='ltr'>C.</span> <span class='ocrx_word' id='word_1_100' title='bbox 1046 1528 1161 1577; x_wconf 85' lang='lat'><strong>727.</strong></span> <span class='ocrx_word' id='word_1_101' title='bbox 1222 1510 1492 1576; x_wconf 84' lang='lat' dir='ltr'>eodemque</span> 
     </span>
     <span class='ocr_line' id='line_1_17' title="bbox 223 1594 1496 1662; baseline 0.005 -23"><span class='ocrx_word' id='word_1_102' title='bbox 223 1594 429 1659; x_wconf 86' lang='lat' dir='ltr'>septimo</span> <span class='ocrx_word' id='word_1_103' title='bbox 466 1613 604 1662; x_wconf 81' lang='lat' dir='ltr'>supra</span> <span class='ocrx_word' id='word_1_104' title='bbox 643 1597 927 1643; x_wconf 83' lang='lat' dir='ltr'>vicesimum</span> <span class='ocrx_word' id='word_1_105' title='bbox 985 1609 1092 1644; x_wconf 82' lang='lat' dir='ltr'>ante</span> <span class='ocrx_word' id='word_1_106' title='bbox 1147 1597 1496 1660; x_wconf 77' lang='lat' dir='ltr'>Dionysianam</span> 
     </span>
     <span class='ocr_line' id='line_1_18' title="bbox 223 1682 1493 1748; baseline 0.003 -21"><span class='ocrx_word' id='word_1_107' title='bbox 223 1698 383 1728; x_wconf 85' lang='lat' dir='ltr'>aeram</span> <span class='ocrx_word' id='word_1_108' title='bbox 411 1718 424 1740; x_wconf 87' lang='lat'>,</span> <span class='ocrx_word' id='word_1_109' title='bbox 465 1694 577 1748; x_wconf 86' lang='lat' dir='ltr'>post</span> <span class='ocrx_word' id='word_1_110' title='bbox 610 1682 871 1730; x_wconf 83' lang='lat' dir='ltr'>Antonium</span> <span class='ocrx_word' id='word_1_111' title='bbox 909 1682 1199 1731; x_wconf 79' lang='lat' dir='ltr'>debellatum</span> <span class='ocrx_word' id='word_1_112' title='bbox 1229 1722 1237 1739; x_wconf 86' lang='lat'><strong><em>,</em></strong></span> <span class='ocrx_word' id='word_1_113' title='bbox 1302 1697 1493 1731; x_wconf 81' lang='lat' dir='ltr'>auctore</span> 
     </span>
     <span class='ocr_line' id='line_1_19' title="bbox 220 1768 1492 1825; baseline 0.002 -10"><span class='ocrx_word' id='word_1_114' title='bbox 220 1768 439 1816; x_wconf 88' lang='lat' dir='ltr'>Munatio</span> <span class='ocrx_word' id='word_1_115' title='bbox 477 1771 659 1818; x_wconf 82' lang='lat' dir='ltr'>Planco</span> <span class='ocrx_word' id='word_1_116' title='bbox 691 1807 698 1823; x_wconf 78' lang='lat'>‚</span> <span class='ocrx_word' id='word_1_117' title='bbox 738 1769 797 1814; x_wconf 90' lang='lat' dir='ltr'>de</span> <span class='ocrx_word' id='word_1_118' title='bbox 831 1768 1032 1816; x_wconf 81' lang='lat' dir='ltr'>Senatus</span> <span class='ocrx_word' id='word_1_119' title='bbox 1071 1771 1303 1817; x_wconf 82' lang='lat' dir='ltr'>sententia</span> <span class='ocrx_word' id='word_1_120' title='bbox 1333 1805 1346 1825; x_wconf 87' lang='lat'>.,</span> <span class='ocrx_word' id='word_1_121' title='bbox 1386 1771 1492 1819; x_wconf 79' lang='lat' dir='ltr'>Alc-</span> 
     </span>
     <span class='ocr_line' id='line_1_20' title="bbox 212 1855 1486 1918; baseline 0.003 -17"><span class='ocrx_word' id='word_1_122' title='bbox 212 1857 347 1918; x_wconf 78' lang='lat' dir='ltr'>gustz‘</span> <span class='ocrx_word' id='word_1_123' title='bbox 401 1856 598 1904; x_wconf 88' lang='lat' dir='ltr'>nomine</span> <span class='ocrx_word' id='word_1_124' title='bbox 632 1868 797 1902; x_wconf 82' lang='lat' dir='ltr'>auctus</span> <span class='ocrx_word' id='word_1_125' title='bbox 854 1867 938 1903; x_wconf 85' lang='lat' dir='ltr'>est.</span> <span class='ocrx_word' id='word_1_126' title='bbox 992 1855 1215 1903; x_wconf 76' lang='lat' dir='ltr'>Minislri</span> <span class='ocrx_word' id='word_1_127' title='bbox 1272 1856 1486 1913; x_wconf 76' lang='lat' dir='ltr'>idcirco,</span> 
     </span>
     <span class='ocr_line' id='line_1_21' title="bbox 209 1943 1489 2009; baseline 0.002 -20"><span class='ocrx_word' id='word_1_128' title='bbox 209 1944 311 1990; x_wconf 87' lang='lat' dir='ltr'>sive</span> <span class='ocrx_word' id='word_1_129' title='bbox 347 1944 578 2008; x_wconf 74' lang='lat' dir='ltr'>Augusti,</span> <span class='ocrx_word' id='word_1_130' title='bbox 607 1943 705 1991; x_wconf 88' lang='lat' dir='ltr'>sive</span> <span class='ocrx_word' id='word_1_131' title='bbox 741 1944 992 1989; x_wconf 77' lang='lat' dir='ltr'>Fortunae</span> <span class='ocrx_word' id='word_1_132' title='bbox 1018 1943 1295 2007; x_wconf 61' lang='lat' dir='ltr'>Augustae„</span> <span class='ocrx_word' id='word_1_133' title='bbox 1334 1945 1489 2009; x_wconf 83' lang='lat' dir='ltr'>praei-</span> 
     </span>
     <span class='ocr_line' id='line_1_22' title="bbox 215 2028 1485 2096; baseline 0.004 -23"><span class='ocrx_word' id='word_1_134' title='bbox 215 2045 265 2074; x_wconf 85' lang='lat' dir='ltr'>re</span> <span class='ocrx_word' id='word_1_135' title='bbox 301 2045 427 2075; x_wconf 84' lang='lat' dir='ltr'>anno</span> <span class='ocrx_word' id='word_1_136' title='bbox 478 2029 590 2077; x_wconf 89' lang='lat' dir='ltr'>huic</span> <span class='ocrx_word' id='word_1_137' title='bbox 644 2028 773 2076; x_wconf 80' lang='lat' dir='ltr'>nulla</span> <span class='ocrx_word' id='word_1_138' title='bbox 827 2031 1009 2078; x_wconf 83' lang='lat' dir='ltr'>ratione</span> <span class='ocrx_word' id='word_1_139' title='bbox 1056 2045 1283 2095; x_wconf 78' lang='lat' dir='ltr'>possunt,</span> <span class='ocrx_word' id='word_1_140' title='bbox 1343 2048 1485 2096; x_wconf 84' lang='lat' dir='ltr'>quem</span> 
     </span>
     <span class='ocr_line' id='line_1_23' title="bbox 212 2117 1491 2179; baseline 0.001 -19"><span class='ocrx_word' id='word_1_141' title='bbox 212 2129 568 2179; x_wconf 83' lang='lat' dir='ltr'>consequantur</span> <span class='ocrx_word' id='word_1_142' title='bbox 605 2118 802 2166; x_wconf 86' lang='lat' dir='ltr'>omnino</span> <span class='ocrx_word' id='word_1_143' title='bbox 830 2155 839 2173; x_wconf 93' lang='lat'>‚</span> <span class='ocrx_word' id='word_1_144' title='bbox 878 2135 1067 2166; x_wconf 82' lang='lat' dir='ltr'>necesse</span> <span class='ocrx_word' id='word_1_145' title='bbox 1121 2133 1206 2166; x_wconf 80' lang='lat' dir='ltr'>est.</span> <span class='ocrx_word' id='word_1_146' title='bbox 1270 2117 1491 2166; x_wconf 62' lang='lat' dir='ltr'>[Winc&#39;stri</span> 
     </span>
     <span class='ocr_line' id='line_1_24' title="bbox 212 2199 1484 2269; baseline 0.002 -21"><span class='ocrx_word' id='word_1_147' title='bbox 212 2199 408 2249; x_wconf 83' lang='lat' dir='ltr'>obviam</span> <span class='ocrx_word' id='word_1_148' title='bbox 442 2219 489 2250; x_wconf 83' lang='lat' dir='ltr'>se</span> <span class='ocrx_word' id='word_1_149' title='bbox 526 2201 640 2250; x_wconf 83' lang='lat' dir='ltr'>dant</span> <span class='ocrx_word' id='word_1_150' title='bbox 685 2222 764 2250; x_wconf 80' lang='lat' dir='ltr'>an.</span> <span class='ocrx_word' id='word_1_151' title='bbox 809 2203 869 2250; x_wconf 83' lang='lat' dir='ltr'>V.</span> <span class='ocrx_word' id='word_1_152' title='bbox 913 2203 971 2250; x_wconf 87' lang='lat' dir='ltr'>C.</span> <span class='ocrx_word' id='word_1_153' title='bbox 1013 2203 1129 2269; x_wconf 85' lang='lat'><strong>752.</strong></span> <span class='ocrx_word' id='word_1_154' title='bbox 1165 2240 1173 2259; x_wconf 96' lang='lat'><strong>‚</strong></span> <span class='ocrx_word' id='word_1_155' title='bbox 1214 2205 1364 2252; x_wconf 81' lang='lat' dir='ltr'>altero</span> <span class='ocrx_word' id='word_1_156' title='bbox 1400 2223 1484 2251; x_wconf 89' lang='lat' dir='ltr'>an-</span> 
     </span>
     <span class='ocr_line' id='line_1_25' title="bbox 212 2287 1479 2354; baseline 0.002 -21"><span class='ocrx_word' id='word_1_157' title='bbox 212 2299 258 2334; x_wconf 83' lang='lat' dir='ltr'>te</span> <span class='ocrx_word' id='word_1_158' title='bbox 296 2305 453 2335; x_wconf 82' lang='lat' dir='ltr'>aeram</span> <span class='ocrx_word' id='word_1_159' title='bbox 508 2288 871 2351; x_wconf 84' lang='lat' dir='ltr'>Dionysianam.</span> <span class='ocrx_word' id='word_1_160' title='bbox 913 2287 1017 2337; x_wconf 88' lang='lat' dir='ltr'>Hoc</span> <span class='ocrx_word' id='word_1_161' title='bbox 1077 2289 1220 2354; x_wconf 76' lang='lat' dir='ltr'>igitur</span> <span class='ocrx_word' id='word_1_162' title='bbox 1255 2307 1382 2336; x_wconf 84' lang='lat' dir='ltr'>anno</span> <span class='ocrx_word' id='word_1_163' title='bbox 1418 2289 1479 2337; x_wconf 85' lang='lat' dir='ltr'>ad</span> 
     </span>
     <span class='ocr_line' id='line_1_26' title="bbox 210 2376 1482 2443; baseline 0.002 -20"><span class='ocrx_word' id='word_1_164' title='bbox 210 2376 367 2423; x_wconf 81' lang='lat' dir='ltr'>minus</span> <span class='ocrx_word' id='word_1_165' title='bbox 404 2378 643 2428; x_wconf 81' lang='lat' dir='ltr'>institutos</span> <span class='ocrx_word' id='word_1_166' title='bbox 678 2396 757 2428; x_wconf 86' lang='lat' dir='ltr'>eos</span> <span class='ocrx_word' id='word_1_167' title='bbox 792 2376 971 2437; x_wconf 81' lang='lat' dir='ltr'>fuisse,</span> <span class='ocrx_word' id='word_1_168' title='bbox 1011 2389 1217 2443; x_wconf 83' lang='lat' dir='ltr'>oportet.</span> <span class='ocrx_word' id='word_1_169' title='bbox 1258 2378 1363 2427; x_wconf 81' lang='lat' dir='ltr'>Alia</span> <span class='ocrx_word' id='word_1_170' title='bbox 1383 2379 1482 2429; x_wconf 84' lang='lat' dir='ltr'>for-</span> 
     </span>
    </p>
   </div>
   <div class='ocr_carea' id='block_1_2' title="bbox 1575 1615 1578 2651">
    <p class='ocr_par' dir='ltr' id='par_1_2' title="bbox 1575 1615 1578 2651">
     <span class='ocr_line' id='line_1_27' title="bbox 1575 1615 1578 2651; baseline 0 0"><span class='ocrx_word' id='word_1_171' title='bbox 1575 1615 1578 2651; x_wconf 95' lang='lat' dir='ltr'> </span> 
     </span>
    </p>
   </div>
  </div>
 </body>
</html>
