1581 2844
217 246 286 296 38

211 330 299 395 qui
334 345 517 379 annum
552 340 738 385 sextum
761 328 883 375 ultra
908 325 1325 392 quadragesimum
1361 342 1487 372 non-

207 416 328 465 dum
361 417 699 483 praetergressi
754 416 944 463 fuerant
974 450 984 470 ‚
1044 412 1227 478 quique
1274 411 1482 478 proinde

206 504 410 558 miiitiae
459 520 606 552 onere
643 503 802 551 adhuc
837 502 1180 550 attinebantur.
1239 490 1364 548 Natu
1399 502 1486 565 qui

207 604 402 635 cursum
454 588 585 636 hunc
620 587 784 636 aetatis
821 604 929 635 suae
964 587 1145 635 emensi
1203 597 1366 643 erant,
1430 587 1482 634 hi

208 671 437 722 Seniores
469 673 868 741 appellabantur,
907 672 1249 740 Immzcnesqlce
1274 708 1288 729 η
1351 672 1485 737 quod

207 759 448 809 militandi
483 761 646 809 debito
683 771 840 808 essent
876 761 1121 809 exsoluti.
1159 773 1211 808 ut
1247 773 1480 809 statutum

216 859 353 897 antea
387 867 413 896 a
450 848 618 899 Servio
653 848 778 913 Rege
813 848 968 898 suerat
986 846 1075 913 (a).

583 1002 684 1077 Pro
724 1005 992 1053 Commeat.
1030 1002 1126 1052 IX.

348 1159 467 1222 Pag.
509 1156 588 1205 26.
629 1175 678 1205 v.
718 1160 765 1207 8.
804 1168 916 1224 post
949 1174 1121 1206 vocem
1158 1156 1337 1205 AKVI.
1379 1160 1490 1222 lege

214 1269 281 1311 ——j
317 1244 448 1292 Gens
465 1245 655 1294 Acuvia
690 1244 884 1294 tandem
907 1244 1047 1292 nobis
1070 1246 1122 1292 in
1140 1245 1385 1294 Fabrettio
1412 1246 1490 1311 (b)

213 1330 422 1379 occurit.

346 1415 466 1481 Pag.
517 1417 597 1464 28.
638 1415 817 1464 Taedet
850 1434 1051 1471 eorum,
1094 1417 1280 1480 quaein
1318 1417 1391 1464 tit.
1433 1417 1482 1464 3.

210 1500 391 1550 Oscum
448 1501 778 1550 adornandum
807 1539 817 1560 ,
878 1503 1316 1568 explicandumque
1375 1516 1487 1551 sunt

213 1598 460 1653 congesta.
509 1590 632 1637 Cum
668 1589 798 1637 enim
832 1590 1003 1654 parieti
1037 1589 1337 1657 Pompeiano
1376 1593 1489 1641 titu-

209 1673 286 1722 lus
320 1674 383 1721 sit.
417 1673 637 1739 adpictus
666 1710 680 1732 .,
731 1675 792 1722 de
837 1676 995 1742 Opere
1026 1674 1225 1743 publico
1288 1678 1489 1726 minime·

214 1760 528 1825 cogitandum
553 1795 566 1819 a
627 1772 680 1809 ut
738 1762 1118 1810 conieceramus.
1181 1762 1491 1827 Programma

213 1846 374 1910 potius
410 1864 509 1893 esse
546 1846 740 1894 videtur
767 1883 777 1903 ‚
818 1847 949 1912 quod
986 1848 1128 1911 vulgo
1164 1847 1370 1897 dicimus
1408 1848 1494 1918 af-

193 1934 362 1996 fisso,
400 1951 655 1982 munerum
692 1933 1120 1991 celebrandorum,
1159 1953 1367 1999 quorum
1403 1954 1490 1982 ex-

214 2020 373 2084 empla
409 2036 510 2067 non
546 2037 696 2084 pauca
759 2019 935 2067 videsis
973 2021 1022 2065 in
1056 2020 1256 2066 Dias-ert.
1321 2022 1439 2086 Isag.
1473 2060 1484 2079 ‚

209 2113 258 2150 et
296 2104 424 2171 apud
497 2103 596 2153 GC.
636 2102 746 2150 VV.
788 2103 1081 2159 Millinium7
1118 2119 1262 2170 atque
1300 2105 1485 2157 Avelli-

340 2309 404 2366 (a)
434 2306 538 2350 Vid.
574 2305 691 2349 Geli.
732 2306 834 2350 Lib.
873 2308 935 2352 X.
974 2306 1082 2367 Cap.
1122 2307 1192 2349 28.

337 2386 410 2445 (b)
444 2388 546 2448 Pag.
587 2385 689 2443 593.
731 2403 774 2430 n.
814 2402 855 2446 7.
