1581 2844
1267 307 1320 355 ¹7

55 380 132 426 cui
174 378 369 426 Corvini
399 374 616 425 additum
667 389 954 436 cognomen.
996 371 1098 420 Nec
1146 372 1206 419 ad
1236 390 1326 420 no-

53 483 167 513 men
201 463 332 529 quod
365 460 569 525 pertinet
621 458 842 505 Consulis
901 458 1078 522 prioris
1135 474 1315 505 monu-

55 551 204 598 menti
238 545 532 610 Pompeiani,
555 543 685 590 aliud
720 555 960 606 praeterea
979 542 1310 591 adnotandum

57 649 105 679 se
140 632 218 679 dat
249 647 273 676 e
307 629 458 675 Fastis
494 627 864 675 Consularibus.

189 712 360 759 Verum
399 713 644 760 enimvero
694 729 807 760 cum
842 711 1087 759 Ministros
1144 710 1320 759 Fortu-

53 816 139 845 nae
195 799 426 861 Augustae
464 814 564 844 non
597 807 707 843 ante
747 813 930 843 annum
965 794 1030 841 V.
1092 797 1148 843 C.
1192 792 1308 858 756.

56 879 232 929 institui
249 880 475 945 Pompeis
513 877 787 943 eontigerit⁷
828 888 880 924 ut
904 879 1016 925 loco
1039 894 1124 924 suo
1161 888 1321 924 osten-

54 966 202 1012 dimus
233 1000 243 1019 ,
301 964 352 1010 in
386 974 550 1028 aperto
589 973 702 1024 est,
739 963 954 1011 Statilios
992 977 1191 1020 omnes,
1229 961 1316 1025 qui

50 1049 183 1096 aetati
219 1049 332 1096 huic
368 1047 656 1095 ante-iverint
684 1084 695 1104 ,
734 1046 968 1094 arcendos
993 1063 1091 1091 esse
1129 1063 1153 1091 a
1190 1046 1314 1111 lapi-

47 1140 102 1186 de
155 1147 316 1184 nostro
351 1135 683 1200 pompeiano,
741 1135 791 1180 in
839 1150 936 1197 quo
988 1130 1320 1180 Ministrorum

46 1223 278 1270 Fortunae
314 1221 558 1285 Augustae·
593 1231 691 1267 tam
712 1218 964 1284 splendida
1008 1217 1210 1265 recurrit
1245 1234 1321 1264 re-

44 1306 275 1354 cordatio.
336 1306 430 1353 Res
467 1305 611 1369 igitur
667 1304 727 1352 ad
764 1303 975 1352 Statilios
1035 1301 1161 1350 redit
1196 1314 1318 1368 tetm-

40 1408 211 1455 porum
250 1391 578 1438 insecutorum
608 1389 840 1437 Consules
872 1426 882 1441 ‚
923 1404 1161 1435 annorum
1200 1397 1317 1453 puta

41 1476 103 1522 V.
145 1476 202 1522 C.
245 1473 363 1539 764.
406 1472 519 1541 769.
562 1491 677 1542 797.
718 1486 764 1522 et
804 1473 920 1540 798.
960 1472 1019 1520 Id
1054 1490 1170 1520 vero
1196 1490 1317 1533 eon—

41 1572 162 1606 stare
197 1561 332 1607 nullo
371 1571 514 1625 pacto
548 1570 740 1624 potest,
780 1559 874 1605 nisi
933 1569 1041 1606 ante
1099 1557 1159 1604 de
1225 1556 1275 1603 T
1278 1562 1312 1604 i.

39 1645 231 1695 Platc‘la‘i
263 1644 458 1693 Aeliani
493 1646 746 1694 consulatu
783 1643 1071 1692 constiterit.

173 1729 364 1780 Plattlii
396 1749 571 1779 nomen
597 1732 825 1779 hactenus
848 1728 1133 1776 inauditum.
1173 1728 1316 1776 Putat

33 1819 216 1867 idcireo
250 1818 540 1882 Burgliesius
573 1831 735 1867 noster
759 1856 770 1875 ,
799 1816 1050 1868 Ρίαἰὶἷίιιῐη
1075 1816 1126 1862 in
1162 1816 1316 1864 Plau-

34 1907 152 1951 tiam
189 1905 290 1951 fore
327 1903 673 1962 recudendum„
699 1906 779 1953 cui
816 1923 929 1952 eum
975 1901 1167 1951 Aeliam·
1192 1919 1313 1967 cog-

34 1989 230 2036 nomine
277 2004 336 2034 ex
379 1987 635 2051 adoptione
672 1987 864 2036 Tiberii
887 2002 1080 2051 quoque
1103 1986 1316 2032 adhaesit

32 2088 342 2136 praenomen.
384 2072 446 2117 Et
481 2069 613 2136 quod
659 2071 877 2118 Plautius
930 2070 1010 2117 hic
1048 2068 1274 2117 Aelianus
1302 2107 1311 2123 ,

33 2153 223 2201 Claudii
271 2154 471 2217 Legatus
499 2191 510 2210 ‚
552 2153 773 2201 eumdem
830 2153 1008 2199 Romae
1046 2151 1314 2215 triumpha-

35 2243 191 2284 turum
229 2249 416 2283 secutus
454 2237 547 2295 sit,
587 2237 728 2285 facile
785 2253 844 2282 ex
903 2252 961 2284 eo
1013 2235 1184 2282 merito
1212 2271 1221 2289 ‚
1261 2245 1315 2279 ut

34 2319 321 2383 Burghesius
376 2319 502 2367 idem
562 2333 688 2368 recte
744 2320 944 2368 coniicit
973 2352 986 2374 s
1039 2321 1311 2368 consulatus

918 2411 948 2442 2
