1581 2844
1303 226 1359 273 31

97 317 268 365 attinet
297 348 311 373 ‚
347 313 522 362 horum
557 313 795 361 utrumvis
832 322 965 377 optes
999 327 1088 377 pro
1125 309 1327 359 arbitrio
1351 349 1361 366 ,,

96 399 294 467 perinde
330 397 433 446 erit.
457 395 644 444 Verum
679 396 813 461 quod
849 397 1002 444 lineae
1040 395 1068 442 3
1104 414 1189 462 per
1228 397 1360 443 Davo.

96 485 353 542 Bidental,
389 484 510 531 facta
533 482 774 532 medicina
813 484 911 540 sit,
951 500 1153 541 vereor,
1193 500 1254 530 ne
1289 482 1358 528 A-

93 574 275 641 polline
309 586 473 635 parum
509 569 680 618 dextro
717 569 842 618 facta
881 568 1118 616 videatur.

224 658 477 704 Invenismt
505 693 514 713 ,
545 657 613 704 sic
651 656 725 704 vir
759 673 1006 713 summus,
1046 653 1233 703 eruesti
1273 672 1360 703 vo-

91 762 190 794 cem
236 741 381 792 allam
414 745 464 789 in
501 741 630 789 TAL
683 740 979 788 desinentem
1009 779 1019 797 ‚
1083 758 1211 807 quae
1272 759 1356 788 va-

93 844 229 878 cuam
267 826 396 875 illud
425 828 625 895 implere
682 839 838 895 queat
869 867 877 880 ,
918 838 966 876 et
1001 826 1359 890 aedificiorum,

92 911 464 981 ichnographia&
502 915 808 982 respondeat.
868 914 1134 962 Prudenter
1194 915 1358 964 addita

90 1001 228 1050 verba
286 1002 404 1049 haec
439 1005 702 1067 posteriora
727 1037 740 1059 n
779 1020 900 1067 quae
954 1020 1055 1048 rem
1115 1002 1356 1049 traherent

85 1090 142 1137 ad
175 1089 501 1139 aedificiorum
541 1108 706 1155 genus.
769 1090 988 1153 Ecquem
1042 1088 1173 1135 enim
1208 1088 1351 1134 lateat

88 1193 299 1240 αρκαικον
333 1170 384 1225 τό
437 1176 670 1243 Kephas,
712 1188 758 1224 et
792 1177 883 1223 alia
942 1174 1164 1240 pluscula
1222 1174 1349 1222 desi-

85 1263 246 1310 nentia
305 1263 355 1308 in
393 1262 523 1310 TAL
558 1262 617 1309 de
653 1262 890 1326 penitiore
927 1262 1209 1326 antiquitate
1269 1279 1354 1325 pe-

85 1350 227 1397 tenda
258 1349 276 1396 ?
314 1349 410 1398 Sed
444 1350 749 1416 propositum
782 1349 888 1396 viro
925 1359 1023 1396 erat
1046 1382 1059 1405 .‚
1099 1347 1351 1395 Mazoehio

83 1436 208 1481 viam
243 1419 651 1500 praemonstrante
677 1472 687 1492 ‚
727 1433 976 1483 ostendere
1003 1468 1017 1491 .,
1079 1450 1142 1498 τῳ
1178 1430 1347 1480 biden-

85 1520 171 1567 ῐιιῖἱ
197 1556 210 1580 ,
266 1533 455 1587 praeter
491 1522 733 1587 vulgatam
787 1521 1152 1586 acceptionem,
1207 1521 1356 1571 aliam

86 1607 276 1655 subesse
311 1610 555 1657 notionem
581 1647 590 1665 ‚
650 1626 772 1674 quae
806 1609 867 1656 ad
925 1604 1147 1663 aedificii
1202 1623 1349 1671 genus

85 1695 330 1758 quoddam
387 1696 616 1742 referatur
666 1729 679 1752 ,
736 1695 990 1760 ipsumque
1048 1692 1345 1741 vocabulum

83 1778 315 1828 Bidental
348 1780 407 1828 de
443 1782 682 1829 Marmore
719 1780 947 1829 Stabiano
982 1796 1122 1844 posse
1183 1791 1355 1825 extun-

84 1868 156 1915 di.
197 1870 259 1916 At
295 1868 361 1921 nil
401 1885 520 1932 opus
557 1869 784 1916 Marmori
822 1867 1046 1917 Stabiano
1099 1863 1356 1912 Biderztali

82 1954 235 2002 hocce
274 1954 321 1999 in
356 1951 572 2000 aedi-ccii
625 1952 837 2000 cuiusvis
891 1961 1176 2016 potestatem
1215 1967 1353 1997 acce-

83 2051 185 2102 pto,
231 2039 441 2103 Ambage
501 2056 710 2102 namque
748 2037 883 2084 omni
945 2047 1166 2092 semota,
1222 2034 1351 2082 TAL

87 2121 303 2170 Stabiani
356 2122 483 2169 tituli
517 2139 616 2169 non
653 2121 788 2168 Vocis
826 2120 1034 2184 integrae
1088 2118 1357 2167 desinentia

88 2221 191 2264 est,
231 2207 314 2255 sed
350 2208 622 2255 decurtatae
676 2207 911 2254 indicium
948 2205 1350 2251 manifestarium.

88 2292 140 2339 Si
179 2293 307 2339 enim
346 2289 576 2339 Bidental
621 2291 764 2337 suerit
803 2288 1022 2343 numeri,
1083 2300 1135 2333 ut
1187 2287 1320 2333 aiunt
1344 2321 1357 2342 v

94 2379 361 2443 singularis,
385 2395 537 2442 ecquo
557 2388 796 2441 sequestre
813 2372 1200 2422 conciliabuntur
1224 2371 1359 2417 haec:
